date,country,chain,product_name,production_system,flag,commitment,cage_free,response_barn,response_aviary,response_freerange,response_organic,response_cagefreenotidentified,response_cage,response_insufficientinformation
2025-06,Australia,Aldi,Cage Eggs 700g,cage,FALSE,Has commitment but is not reporting,0,0,0,0,0,0,1,0
2025-06,Australia,Aldi,Free Range Eggs 600g,free-range,FALSE,Has commitment but is not reporting,1,0,0,1,0,0,0,0
2025-06,Australia,Aldi,Free Range Eggs 700g,free-range,FALSE,Has commitment but is not reporting,1,0,0,1,0,0,0,0
2025-06,Australia,Aldi,Barn Laid Eggs 700g,barn,FALSE,Has commitment but is not reporting,1,1,0,0,0,0,0,0
2025-06,Australia,Coles,Coles Jumbo Free Range Eggs 12 Pack | 800g,free-range,FALSE,Has commitment and is reporting,1,0,0,1,0,0,0,0
2025-06,Australia,Coles,Pace Farm Liberty Cage Free Eggs 12 Pack | 500g,cage-free not identified,FALSE,Has commitment and is reporting,1,0,0,0,0,1,0,0
2025-06,Australia,Coles,Josh's Rainbow Free Range Eggs 12 Pack | 700g,free-range,FALSE,Has commitment and is reporting,1,0,0,1,0,0,0,0
2025-06,Australia,Coles,Josh's Rainbow Free Range Eggs Regular 6 Pack | 350g,free-range,FALSE,Has commitment and is reporting,1,0,0,1,0,0,0,0
2025-06,Australia,Coles,Coles Free Range Eggs 6 pack | 300g,free-range,FALSE,Has commitment and is reporting,1,0,0,1,0,0,0,0
2025-06,Australia,Coles,Coles Organic Free Range Eggs 12 Pack | 600g,free-range,FALSE,Has commitment and is reporting,1,0,0,1,0,0,0,0
2025-06,Australia,Coles,Sunny Queen Free Range Big Brekkie Browns Eggs 12 ... 820g,free-range,FALSE,Has commitment and is reporting,1,0,0,1,0,0,0,0
2025-06,Australia,Coles,Pace Farm Eggs For Everyone Cage Free 18 Pack | 900g,cage-free not identified,FALSE,Has commitment and is reporting,1,0,0,0,0,1,0,0
2025-06,Australia,Coles,Puregg Egg White Free Range | 500g,free-range,FALSE,Has commitment and is reporting,1,0,0,1,0,0,0,0
2025-06,Australia,Coles,Sunny Queen Organic Eggs 12 pack | 700g,organic,FALSE,Has commitment and is reporting,1,0,0,0,1,0,0,0
2025-06,Australia,Coles,Pace Farm Natural Living Free Range Large Eggs 12 pack | 600g,free-range,FALSE,Has commitment and is reporting,1,0,0,1,0,0,0,0
2025-06,Australia,Coles,Coles Cage Free Eggs 12 Pack | 700g,cage-free not identified,FALSE,Has commitment and is reporting,1,0,0,0,0,1,0,0
2025-06,Australia,Coles,Coles Cage Free Eggs 12 Pack | 800g,cage-free not identified,FALSE,Has commitment and is reporting,1,0,0,0,0,1,0,0
2025-06,Australia,Coles,Coles Cage Free Eggs 18 Pack | 900g,cage-free not identified,FALSE,Has commitment and is reporting,1,0,0,0,0,1,0,0
2025-06,Australia,Coles,Yallamundi Farm Organic Free Range Eggs 12 Pack | 700g,organic,FALSE,Has commitment and is reporting,1,0,0,0,1,0,0,0
2025-06,Australia,Coles,Josh's Rainbow Free Range Eggs 18 Pack | 900g,free-range,FALSE,Has commitment and is reporting,1,0,0,1,0,0,0,0
2025-06,Australia,Coles,Yallamundi Farm Organic Free Range Eggs 12 Pack | 600g,organic,FALSE,Has commitment and is reporting,1,0,0,0,1,0,0,0
2025-06,Australia,Coles,Sunny Queen Free Range Large Eggs 12 pack | 600g,free-range,FALSE,Has commitment and is reporting,1,0,0,1,0,0,0,0
2025-06,Australia,Coles,Sunny Queen Free Range Extra Large Eggs 12 pack | 700g,free-range,FALSE,Has commitment and is reporting,1,0,0,1,0,0,0,0
2025-06,Australia,Coles,Sunny Queen Free Range X Large Eggs 6 pack | 350g,free-range,FALSE,Has commitment and is reporting,1,0,0,1,0,0,0,0
2025-06,Australia,Coles,Good Yolk Co Cage Free Eggs 12 Pack | 700g,cage-free not identified,FALSE,Has commitment and is reporting,1,0,0,0,0,1,0,0
2025-06,Australia,Coles,Sunrise Free Range Eggs 12 Pack | 700g,free-range,FALSE,Has commitment and is reporting,1,0,0,1,0,0,0,0
2025-06,Australia,Coles,Sunrise Free Range Eggs 12 Pack | 600g,free-range,FALSE,Has commitment and is reporting,1,0,0,1,0,0,0,0
2025-06,Australia,Coles,Meggles Free Range Eggs Xlarge 12 Pack | 700g,free-range,FALSE,Has commitment and is reporting,1,0,0,1,0,0,0,0
2025-06,Australia,Coles,Fyfe Family Farm Free Range Eggs 12 Pack | 700g,free-range,FALSE,Has commitment and is reporting,1,0,0,1,0,0,0,0
2025-06,Australia,Coles,Fyfe Family Farm Free Range Eggs 12 Pack | 600g,free-range,FALSE,Has commitment and is reporting,1,0,0,1,0,0,0,0
2025-06,Australia,Coles,Mornington Peninsula Free Range 12 Pack | 700g,free-range,FALSE,Has commitment and is reporting,1,0,0,1,0,0,0,0
2025-06,Australia,Coles,Mornington Peninsula Free Range Eggs 12 Pack | 800g,free-range,FALSE,Has commitment and is reporting,1,0,0,1,0,0,0,0
2025-06,Australia,Coles,Mornington Peninsula Free Range 6 Pack | 330g,free-range,FALSE,Has commitment and is reporting,1,0,0,1,0,0,0,0
2025-06,Australia,Coles,Surf Coast Cracking Good Ultimate Free Range Eggs 12 P ... 700g,free-range,FALSE,Has commitment and is reporting,1,0,0,1,0,0,0,0
2025-06,Australia,Coles,Surf Coast Cracking Good Ultimate Free Range Eggs 12 P ... 800g,free-range,FALSE,Has commitment and is reporting,1,0,0,1,0,0,0,0
2025-06,Australia,Coles,Pace Farm Cage Free Eggs 12 Pack | 800g,cage-free not identified,FALSE,Has commitment and is reporting,1,0,0,0,0,1,0,0
2025-06,Australia,Coles,Pace Farm Eggs For Everyone Cage Free 12 Pack | 700g,cage-free not identified,FALSE,Has commitment and is reporting,1,0,0,0,0,1,0,0
2025-06,Australia,Coles,Pace Farm Eggs For Everyone Cage Free 12 Pack | 600g,cage-free not identified,FALSE,Has commitment and is reporting,1,0,0,0,0,1,0,0
2025-06,Australia,Coles,Josh's Rainbow Free Range Eggs 12Pack | 800g,free-range,FALSE,Has commitment and is reporting,1,0,0,1,0,0,0,0
2025-06,Australia,Coles,Mornington Peninsula Free Range Eggs 12 Pack | 600g,free-range,FALSE,Has commitment and is reporting,1,0,0,1,0,0,0,0
2025-06,Australia,Coles,Mornington Peninsula Cage Free Eggs 12 Pack | 700g,cage-free not identified,FALSE,Has commitment and is reporting,1,0,0,0,0,1,0,0
2025-06,Australia,Coles,Mornington Peninsula Cage Free Eggs 12 Pack | 600g,cage-free not identified,FALSE,Has commitment and is reporting,1,0,0,0,0,1,0,0
2025-06,Australia,Coles,Surf Coast Ultimate Free Range Eggs 12 Pack | 600g,free-range,FALSE,Has commitment and is reporting,1,0,0,1,0,0,0,0
2025-06,Australia,Coles,Sunny Queen Odd Eggs Ready To Pour Egg Mix | 500g,insufficient information,FALSE,Has commitment and is reporting,0,0,0,0,0,0,0,1
2025-06,Australia,Coles,Sunny Queen Organic Free Range Large Eggs 6 pack | 300g,free-range,FALSE,Has commitment and is reporting,1,0,0,1,0,0,0,0
2025-06,Australia,Coles,Farm Pride Cage Free Barn Laid Eggs 12 pack | 700g,barn,FALSE,Has commitment and is reporting,1,1,0,0,0,0,0,0
2025-06,Australia,Coles,Farmpride Cage Free Barn Laid Eggs 12 Pack | 600g,barn,FALSE,Has commitment and is reporting,1,1,0,0,0,0,0,0
2025-06,Australia,Coles,Pace Farm Eggs For Everyone Free Range 12 Pack | 700g,free-range,FALSE,Has commitment and is reporting,1,0,0,1,0,0,0,0
2025-06,Australia,Coles,Pace Farm Eggs For Everyone Free Range 12 Pack | 800g,free-range,FALSE,Has commitment and is reporting,1,0,0,1,0,0,0,0
2025-06,Australia,Coles,Sunny Queen Cage Free Large Eggs 18 pack | 900g,cage-free not identified,FALSE,Has commitment and is reporting,1,0,0,0,0,1,0,0
2025-06,Australia,Coles,Sunny Queen Free Range Large Eggs 18 pack | 900g,free-range,FALSE,Has commitment and is reporting,1,0,0,1,0,0,0,0
2025-06,Australia,Coles,Pace Farm Eggs For Everyone Free Range 12 pack | 500g,free-range,FALSE,Has commitment and is reporting,1,0,0,1,0,0,0,0
2025-06,Australia,Woolworths,"OUT OF STOCK
Sunny Queen 12 Extra Large Free Range Eggs 700g
4.0
/
1
View similar
products
             to Sunny Queen 12 Extra Large Free Range Eggs 700g
Save to list",free-range,FALSE,Has commitment and is reporting,1,0,0,1,0,0,0,0
2025-06,Australia,Woolworths,"OUT OF STOCK
Manning Valley 12 Extra Large Free Range Eggs 700g
4.0
/
1
View similar
products
             to Manning Valley 12 Extra Large Free Range Eggs 700g
Save to list",free-range,FALSE,Has commitment and is reporting,1,0,0,1,0,0,0,0
2025-06,Australia,Woolworths,"$5.90
$0.84 / 100G
Woolworths 12 Extra Large Cage Free Eggs 700g
Add to cart
Save to list",cage-free not identified,FALSE,Has commitment and is reporting,1,0,0,0,0,1,0,0
2025-06,Australia,Woolworths,"IN-STORE ONLY
Sunny Queen 18 Large Free Range Eggs 900g
5.0
/
1
Add to cart
Save to list",free-range,FALSE,Has commitment and is reporting,1,0,0,1,0,0,0,0
2025-06,Australia,Woolworths,"$4.90
$1.40 / 100G
Woolworths 6 Extra Large Free Range Eggs 350g
4.7
/
671
Add to cart
Save to list",free-range,FALSE,Has commitment and is reporting,1,0,0,1,0,0,0,0
2025-06,Australia,Woolworths,"EST. RESTOCK 31/05/25
Woolworths 12 x-Large Free Range Eggs 700g
View similar
products
             to Woolworths 12 x-Large Free Range Eggs 700g
Save to list",free-range,FALSE,Has commitment and is reporting,1,0,0,1,0,0,0,0
2025-06,Australia,Woolworths,"IN-STORE ONLY
Sunny Queen 12 Extra Large Organic Free Range Eggs 700g
Add to cart
Save to list",organic,FALSE,Has commitment and is reporting,1,0,0,0,1,0,0,0
2025-06,Australia,Woolworths,"OUT OF STOCK
Manning Valley 12 Jumbo Free Range Eggs 800g
5.0
/
1
View similar
products
             to Manning Valley 12 Jumbo Free Range Eggs 800g
Save to list",free-range,FALSE,Has commitment and is reporting,1,0,0,1,0,0,0,0
2025-06,Australia,Woolworths,"IN-STORE ONLY
Woolworths 18 Large Cage Free Eggs 900g
View similar
products
             to Woolworths 18 Large Cage Free Eggs 900g
Save to list",cage-free not identified,FALSE,Has commitment and is reporting,1,0,0,0,0,1,0,0
2025-06,Australia,Woolworths,"IN-STORE ONLY
Macro 12 Large Organic Australian Free Range Eggs 600g
4.5
/
507
Add to cart
Save to list",organic,FALSE,Has commitment and is reporting,1,0,0,0,1,0,0,0
2025-06,Australia,Woolworths,"OUT OF STOCK
Yallamundi Farm Organic 12 Extra Large Free Range Eggs 700g
5.0
/
1
Add to cart
Save to list",free-range,FALSE,Has commitment and is reporting,1,0,0,1,0,0,0,0
2025-06,Australia,Woolworths,"IN-STORE ONLY
Yallamundi Farm 6 Large Organic Free Range Eggs 300g
Add to cart
Save to list",organic,FALSE,Has commitment and is reporting,1,0,0,0,1,0,0,0
2025-06,Australia,Woolworths,"IN-STORE ONLY
Simply Eggs 12 Extra Large Cage Free Eggs 700g
Add to cart
Save to list",cage-free not identified,FALSE,Has commitment and is reporting,1,0,0,0,0,1,0,0
2025-06,Australia,Woolworths,"OUT OF STOCK
Manning Valley 12 Large Free Range Eggs 600g
View similar
products
             to Manning Valley 12 Large Free Range Eggs 600g
Save to list",free-range,FALSE,Has commitment and is reporting,1,0,0,1,0,0,0,0
2025-06,Australia,Woolworths,"OUT OF STOCK
Woolworths 12 Large Free Range Eggs 600g
View similar
products
             to Woolworths 12 Large Free Range Eggs 600g
Save to list",free-range,FALSE,Has commitment and is reporting,1,0,0,1,0,0,0,0
2025-06,Australia,Woolworths,"OUT OF STOCK
Yallamundi Farm 12 Extra Large Pasture Raised Free Range Eggs 700g
Add to cart
Save to list",free-range,FALSE,Has commitment and is reporting,1,0,0,1,0,0,0,0
2025-06,Australia,Woolworths,"IN-STORE ONLY
Sunny Queen 100% Egg Whites 500g
Add to cart
Save to list",insufficient information,FALSE,Has commitment and is reporting,0,0,0,0,0,0,0,1
2025-06,Australia,Woolworths,"OUT OF STOCK
Macro 12 Large Pasture Raised Carbon Neutral Free Range Eggs 600g
View similar
products
             to Macro 12 Large Pasture Raised Carbon Neutral Free Range Eggs 600g
Save to list",free-range,FALSE,Has commitment and is reporting,1,0,0,1,0,0,0,0
2025-06,Australia,Woolworths,"OUT OF STOCK
Manning Valley 12 Free Range Eggs 540g
View similar
products
             to Manning Valley 12 Free Range Eggs 540g
Save to list",free-range,FALSE,Has commitment and is reporting,1,0,0,1,0,0,0,0
2025-06,Australia,Woolworths,"OUT OF STOCK
Lake Macquarie 6 Large Free Range Eggs 350g
View similar
products
             to Lake Macquarie 6 Large Free Range Eggs 350g
Save to list",free-range,FALSE,Has commitment and is reporting,1,0,0,1,0,0,0,0
2025-06,Australia,Woolworths,"IN-STORE ONLY
Yallamundi Farm 12 Organic Jumbo Free Range Eggs 800g
Add to cart
Save to list",organic,FALSE,Has commitment and is reporting,1,0,0,0,1,0,0,0
2025-06,Australia,Woolworths,"OUT OF STOCK
Hilltops 12 Free Range Eggs 700g
View similar
products
             to Hilltops 12 Free Range Eggs 700g
Save to list",free-range,FALSE,Has commitment and is reporting,1,0,0,1,0,0,0,0
2025-06,Australia,Woolworths,"IN-STORE ONLY
Lake Macquarie 12 Extra Large Free Range Eggs 700g
View similar
products
             to Lake Macquarie 12 Extra Large Free Range Eggs 700g
Save to list",free-range,FALSE,Has commitment and is reporting,1,0,0,1,0,0,0,0
2025-06,Australia,Woolworths,"OUT OF STOCK
Puregg Free Range Liquid Egg White 500g
Add to cart
Save to list",free-range,FALSE,Has commitment and is reporting,1,0,0,1,0,0,0,0
2025-06,Australia,Woolworths,"OUT OF STOCK
Lake Macquarie 12 Jumbo Free Range Eggs 800g
Add to cart
Save to list",free-range,FALSE,Has commitment and is reporting,1,0,0,1,0,0,0,0
2025-06,Australia,Woolworths,"OUT OF STOCK
Manning Valley 18 Large Free Range Eggs 900g
View similar
products
             to Manning Valley 18 Large Free Range Eggs 900g
Save to list",free-range,FALSE,Has commitment and is reporting,1,0,0,1,0,0,0,0
2025-06,Australia,Woolworths,"OUT OF STOCK
Lake Macquarie 18 Large Free Range Eggs 900g
Add to cart
Save to list",free-range,FALSE,Has commitment and is reporting,1,0,0,1,0,0,0,0
2025-06,Australia,Woolworths,"IN-STORE ONLY
Sunny Queen The Odd Eggs Free Range Egg Mix 500g
Add to cart
Save to list",free-range,FALSE,Has commitment and is reporting,1,0,0,1,0,0,0,0
2025-06,Australia,Woolworths,"OUT OF STOCK
Lake Macquarie 30 Large Free Range Eggs 1.5kg
Add to cart
Save to list",free-range,FALSE,Has commitment and is reporting,1,0,0,1,0,0,0,0
2025-06,Australia,Woolworths,"OUT OF STOCK
Manning Valley 30 Free Range Eggs 1.65kg
Add to cart
Save to list",free-range,FALSE,Has commitment and is reporting,1,0,0,1,0,0,0,0
2025-06,Australia,Woolworths,"OUT OF STOCK
Open Range 12 Large Free Range Eggs 700g
Add to cart
Save to list",free-range,FALSE,Has commitment and is reporting,1,0,0,1,0,0,0,0
2025-06,Australia,Woolworths,"OUT OF STOCK
Puregg Simply Egg Whites 500g
Add to cart
Save to list",insufficient information,FALSE,Has commitment and is reporting,0,0,0,0,0,0,0,1
2025-06,Australia,Woolworths,"OUT OF STOCK
Straight From The Farm 12 Cage Free Eggs 700g
View similar
products
             to Straight From The Farm 12 Cage Free Eggs 700g
Save to list",cage-free not identified,FALSE,Has commitment and is reporting,1,0,0,0,0,1,0,0
2025-06,Australia,Woolworths,"OUT OF STOCK
Hunter Valley 12 Extra Large Free Range Eggs 700g
Add to cart
Save to list",free-range,FALSE,Has commitment and is reporting,1,0,0,1,0,0,0,0
2025-06,Australia,Woolworths,"OUT OF STOCK
Pace Farm 12 For Everyone Barn Laid Extra Large Eggs 700g
Add to cart
Save to list",barn,FALSE,Has commitment and is reporting,1,1,0,0,0,0,0,0
2025-06,Australia,Woolworths,"IN-STORE ONLY
Pace Farm 12 For Everyone Barn Laid Jumbo Eggs 800g
Add to cart
Save to list",barn,FALSE,Has commitment and is reporting,1,1,0,0,0,0,0,0
2025-06,Canada,Costco,Kirkland Signature Organic Large Free Range Eggs,organic,FALSE,Has commitment and is reporting,1,0,0,0,1,0,0,0
2025-06,Canada,Costco,Extra Large Eggs,insufficient information,FALSE,Has commitment and is reporting,0,0,0,0,0,0,0,1
2025-06,Canada,Costco,Large Eggs,insufficient information,FALSE,Has commitment and is reporting,0,0,0,0,0,0,0,1
2025-06,Canada,Costco,Kirkland Signature Free Run Large Eggs,free-range,FALSE,Has commitment and is reporting,1,0,0,1,0,0,0,0
2025-06,Canada,Costco,Kirkland Signature 100% Liquid Egg Whites,insufficient information,FALSE,Has commitment and is reporting,0,0,0,0,0,0,0,1
2025-06,Canada,Costco,CRO Quail Farms Quail Eggs,insufficient information,FALSE,Has commitment and is reporting,0,0,0,0,0,0,0,1
2025-06,Canada,Loblaws,Large Grade A Eggs,insufficient information,FALSE,Has commitment but is not reporting,0,0,0,0,0,0,0,1
2025-06,Canada,Loblaws,Large Size Eggs,insufficient information,FALSE,Has commitment but is not reporting,0,0,0,0,0,0,0,1
2025-06,Canada,Loblaws,Free Range Large Brown Eggs,free-range,FALSE,Has commitment but is not reporting,1,0,0,1,0,0,0,0
2025-06,Canada,Loblaws,Grade A Extra Large Eggs,insufficient information,FALSE,Has commitment but is not reporting,0,0,0,0,0,0,0,1
2025-06,Canada,Loblaws,Grade A Large Brown Eggs,insufficient information,FALSE,Has commitment but is not reporting,0,0,0,0,0,0,0,1
2025-06,Canada,Loblaws,Egg Whites,insufficient information,FALSE,Has commitment but is not reporting,0,0,0,0,0,0,0,1
2025-06,Canada,Loblaws,Medium Grade A White Eggs,insufficient information,FALSE,Has commitment but is not reporting,0,0,0,0,0,0,0,1
2025-06,Canada,Loblaws,Free Run Brown Eggs Large,free-range,FALSE,Has commitment but is not reporting,1,0,0,1,0,0,0,0
2025-06,Canada,Loblaws,"Naturegg Nest Laid White Eggs, Large",cage-free not identified,FALSE,Has commitment but is not reporting,1,0,0,0,0,1,0,0
2025-06,Canada,Loblaws,Blue Menu Free Run Large White Eggs 12 Pack,free-range,FALSE,Has commitment but is not reporting,1,0,0,1,0,0,0,0
2025-06,Canada,Loblaws,"Free-Range Large Brown Eggs, Club Pack (30 Count)",free-range,FALSE,Has commitment but is not reporting,1,0,0,1,0,0,0,0
2025-06,Canada,Loblaws,Blue Menu Peeled Hard Boiled Omega-3 Free Run Eggs,free-range,FALSE,Has commitment but is not reporting,1,0,0,1,0,0,0,0
2025-06,Canada,Loblaws,Blue Menu Free Run Large Brown Eggs 12 Pack,free-range,FALSE,Has commitment but is not reporting,1,0,0,1,0,0,0,0
2025-06,Canada,Loblaws,Eggs2go! 6 Hard Boiled Peeled Eggs,insufficient information,FALSE,Has commitment but is not reporting,0,0,0,0,0,0,0,1
2025-06,Canada,Loblaws,Free Run Egg Whites,free-range,FALSE,Has commitment but is not reporting,1,0,0,1,0,0,0,0
2025-06,Canada,Loblaws,"Naturegg Omega 3 White Eggs, Large",cage-free not identified,FALSE,Has commitment but is not reporting,1,0,0,0,0,1,0,0
2025-06,Canada,Loblaws,Naturegg Free Run Egg Whites,free-range,FALSE,Has commitment but is not reporting,1,0,0,1,0,0,0,0
2025-06,Canada,Loblaws,"Nature's Best White Eggs, Large",insufficient information,FALSE,Has commitment but is not reporting,0,0,0,0,0,0,0,1
2025-06,Canada,Loblaws,"Egg Creations, Original",insufficient information,FALSE,Has commitment but is not reporting,0,0,0,0,0,0,0,1
2025-06,Canada,Loblaws,Naturegg Simply Egg Whites,insufficient information,FALSE,Has commitment but is not reporting,0,0,0,0,0,0,0,1
2025-06,Canada,Loblaws,"Organic Free Range Eggs, 18 Eggs",organic,FALSE,Has commitment but is not reporting,1,0,0,0,1,0,0,0
2025-06,Canada,Loblaws,"White Eggs, Extra Large",insufficient information,FALSE,Has commitment but is not reporting,0,0,0,0,0,0,0,1
2025-06,Canada,Loblaws,"Egg Creations! Whole Eggs, Original",insufficient information,FALSE,Has commitment but is not reporting,0,0,0,0,0,0,0,1
2025-06,Canada,Loblaws,Large Organic Eggs,organic,FALSE,Has commitment but is not reporting,1,0,0,0,1,0,0,0
2025-06,Canada,Loblaws,Free Range Organic Eggs Large Size,free-range,FALSE,Has commitment but is not reporting,1,0,0,1,0,0,0,0
2025-06,Canada,Loblaws,Organic Free-Range Egg Whites,free-range,FALSE,Has commitment but is not reporting,1,0,0,1,0,0,0,0
2025-06,Canada,Loblaws,Quail Eggs,insufficient information,FALSE,Has commitment but is not reporting,0,0,0,0,0,0,0,1
2025-06,Canada,Loblaws,Free Run Omega 3 Brown Eggs,free-range,FALSE,Has commitment but is not reporting,1,0,0,1,0,0,0,0
2025-06,Canada,Loblaws,"Born 3 White Eggs, Large",insufficient information,FALSE,Has commitment but is not reporting,0,0,0,0,0,0,0,1
2025-06,Canada,Loblaws,"Organic Eggs, Medium",organic,FALSE,Has commitment but is not reporting,1,0,0,0,1,0,0,0
2025-06,Canada,Loblaws,Premium Large White Eggs,insufficient information,FALSE,Has commitment but is not reporting,0,0,0,0,0,0,0,1
2025-06,Canada,Loblaws,Country Golden Yolk Large Free Range Eggs,free-range,FALSE,Has commitment but is not reporting,1,0,0,1,0,0,0,0
2025-06,Canada,Voilà (Sobeys),Compliments 100% Pure Liquid Egg Whites 500 g,insufficient information,FALSE,Has commitment and is reporting,0,0,0,0,0,0,0,1
2025-06,Canada,Voilà (Sobeys),Compliments Cozy Coop Eggs Large 12 Count,cage-free not identified,FALSE,Has commitment and is reporting,1,0,0,0,0,1,0,0
2025-06,Canada,Voilà (Sobeys),Just Egg Plant Based Egg 500 g,insufficient information,FALSE,Has commitment and is reporting,0,0,0,0,0,0,0,1
2025-06,Canada,Voilà (Sobeys),Star Organic Eggs Free Range Large 18 Count,organic,FALSE,Has commitment and is reporting,1,0,0,0,1,0,0,0
2025-06,Canada,Voilà (Sobeys),Compliments White Eggs Large 12 Count,insufficient information,FALSE,Has commitment and is reporting,0,0,0,0,0,0,0,1
2025-06,Canada,Voilà (Sobeys),Compliments White Eggs Large 30 Count,insufficient information,FALSE,Has commitment and is reporting,0,0,0,0,0,0,0,1
2025-06,Canada,Voilà (Sobeys),Burnbrae Farms Eggs2Go Omega 3 Eggs Hard Boiled & Peeled 6 Count,insufficient information,FALSE,Has commitment and is reporting,0,0,0,0,0,0,0,1
2025-06,Canada,Voilà (Sobeys),Burnbrae Farms Naturegg Fat-Free Simply Egg Whites 1 kg,insufficient information,FALSE,Has commitment and is reporting,0,0,0,0,0,0,0,1
2025-06,Canada,Voilà (Sobeys),Compliments Eggs Large Value Size 18 Count,insufficient information,FALSE,Has commitment and is reporting,0,0,0,0,0,0,0,1
2025-06,Canada,Voilà (Sobeys),Gold Egg Omega 3 White Eggs Large 12 Count,insufficient information,FALSE,Has commitment and is reporting,0,0,0,0,0,0,0,1
2025-06,Canada,Voilà (Sobeys),Eggs2go Omega 3 Eggs Hard Boiled Peeled 2 Count,insufficient information,FALSE,Has commitment and is reporting,0,0,0,0,0,0,0,1
2025-06,Canada,Voilà (Sobeys),Compliments Organic Brown Eggs Free Range Grade A Large 12 Count,organic,FALSE,Has commitment and is reporting,1,0,0,0,1,0,0,0
2025-06,Canada,Voilà (Sobeys),Compliments White Eggs Free Run Large 12 Count,free-range,FALSE,Has commitment and is reporting,1,0,0,1,0,0,0,0
2025-06,Canada,Voilà (Sobeys),Compliments White Eggs Extra Large 12 Count,insufficient information,FALSE,Has commitment and is reporting,0,0,0,0,0,0,0,1
2025-06,Canada,Voilà (Sobeys),Burnbrae Farms Naturegg Simply Egg Whites Free Run 500 g,free-range,FALSE,Has commitment and is reporting,1,0,0,1,0,0,0,0
2025-06,Canada,Walmart,"Great Value Large Eggs, 12 Count",insufficient information,FALSE,Has commitment and is reporting,0,0,0,0,0,0,0,1
2025-06,Canada,Walmart,"Great Value XL White Eggs, 12 Count",insufficient information,FALSE,Has commitment and is reporting,0,0,0,0,0,0,0,1
2025-06,Canada,Walmart,"Great Value Omega-3 Large White Eggs, 12 count",insufficient information,FALSE,Has commitment and is reporting,0,0,0,0,0,0,0,1
2025-06,Canada,Walmart,"Golden Valley White Eggs 30 Pack Large, 30 count",insufficient information,FALSE,Has commitment and is reporting,0,0,0,0,0,0,0,1
2025-06,Canada,Walmart,"Great Value Organic Free Run Large Brown Eggs, 12 Count",organic,FALSE,Has commitment and is reporting,1,0,0,0,1,0,0,0
2025-06,Canada,Walmart,"GoldEgg Free Run Large Eggs, 12 Count",free-range,FALSE,Has commitment and is reporting,1,0,0,1,0,0,0,0
2025-06,Canada,Walmart,"Burnbrae Farms Naturegg Simply Egg Whites™, 1 Kg",insufficient information,FALSE,Has commitment and is reporting,0,0,0,0,0,0,0,1
2025-06,Canada,Walmart,"Country Golden Yolks Free Range Eggs, 12 count",free-range,FALSE,Has commitment and is reporting,1,0,0,1,0,0,0,0
2025-06,Canada,Walmart,"Golden Valley Large Brown Eggs, 12 count",insufficient information,FALSE,Has commitment and is reporting,0,0,0,0,0,0,0,1
2025-06,Canada,Walmart,"GoldEgg Golden D Vitamin D Enriched Large Eggs, 18 Count",insufficient information,FALSE,Has commitment and is reporting,0,0,0,0,0,0,0,1
2025-06,Canada,Walmart,"Born 3 Omega-3 Large White Eggs, 18 count",insufficient information,FALSE,Has commitment and is reporting,0,0,0,0,0,0,0,1
2025-06,Canada,Walmart,"Rabbit River Free Run Large Brown Eggs 18, 18 Count",free-range,FALSE,Has commitment and is reporting,1,0,0,1,0,0,0,0
2025-06,Canada,Walmart,"Burnbrae Farms EGGS2go! Omega 3 Hard Boiled 6-Pack Pouch, 6 medium eggs (264g)",insufficient information,FALSE,Has commitment and is reporting,0,0,0,0,0,0,0,1
2025-06,Canada,Walmart,"JUST Plant Egg, 4 folded plant eggs, 227g",insufficient information,FALSE,Has commitment and is reporting,0,0,0,0,0,0,0,1
2025-06,Canada,Walmart,"SPRING CREEK QUAIL 18 FRESH QUAIL EGGS, SPRING CREEK QUAIL 18 FRESH QUAIL EGGS",insufficient information,FALSE,Has commitment and is reporting,0,0,0,0,0,0,0,1
2025-06,Canada,Walmart,"Len Xiang Cooked Salted Duck Eggs, 360g (6pc)",insufficient information,FALSE,Has commitment and is reporting,0,0,0,0,0,0,0,1
2025-06,Canada,Walmart,"Golden Valley Jumbo White Eggs, 12 count",insufficient information,FALSE,Has commitment and is reporting,0,0,0,0,0,0,0,1
2025-06,Canada,Walmart,"Clearance!Non-Stick Silicone Egg Muffin Cups for Air Fryer & Oven,Thickened Double Ear Baked Egg Molds,Dishwasher Safe Boiled Egg Cups",insufficient information,FALSE,Has commitment and is reporting,0,0,0,0,0,0,0,1
2025-06,Canada,Walmart,Harpily Special Offer Chip Clips Egg Chalaza Removal Tool Stainless Chalaza Remover For Egg Eggshell Fragment Removal Utensil Kitchen Tool For And,insufficient information,FALSE,Has commitment and is reporting,0,0,0,0,0,0,0,1
2025-06,Canada,Walmart,Yykcavykas Popular Picks Eggs Opener Home Eggs Beater Eggs Tugger Eggs Breakers Eggs Shelling Tool Eggs Shelling Remover|Yellow-652,insufficient information,FALSE,Has commitment and is reporting,0,0,0,0,0,0,0,1
2025-06,Canada,Walmart,Yttmshdga Food Clips Egg Chalaza Removal Tool Stainless Chalaza Remover For Egg Eggshell Fragment Removal Utensil Kitchen Tool For And,insufficient information,FALSE,Has commitment and is reporting,0,0,0,0,0,0,0,1
2025-06,Canada,Walmart,TIMIFIS Insulation Pad Eggs Container with Handle Eggs Stand for Refrigerator Door with Small Storage Box Kitchen Eggs Organizer for Cabinet Countertop Kitchen Gadgets,insufficient information,FALSE,Has commitment and is reporting,0,0,0,0,0,0,0,1
2025-06,Canada,Walmart,WHOLE EGG POWDER 450 g,insufficient information,FALSE,Has commitment and is reporting,0,0,0,0,0,0,0,1
2025-06,Canada,Walmart,"shiyou-Egg_Tray_PCL_12RED Cups, Ceramic, red",insufficient information,FALSE,Has commitment and is reporting,0,0,0,0,0,0,0,1
2025-06,Canada,Walmart,"Naturegg Simply Egg Whites™ Free Run Burnbrae Farms, 500g",free-range,FALSE,Has commitment and is reporting,1,0,0,1,0,0,0,0
2025-06,China,Suning,[苏鲜生推荐] 雀淘 可生食鲜鸡蛋20枚无沙门氏菌无抗生素溏心蛋营养早餐,cage-free not identified,FALSE,Has no commitment and is not reporting,1,0,0,0,0,1,0,0
2025-06,China,Suning,苏鲜生 [苏宁自有品牌]可生食鲜鸡蛋1.8kg(30枚),insufficient information,FALSE,Has no commitment and is not reporting,0,0,0,0,0,0,0,1
2025-06,China,Suning,晋龙新鲜鸡蛋六无蛋30枚无鱼腥味无抗生素添加,insufficient information,FALSE,Has no commitment and is not reporting,0,0,0,0,0,0,0,1
2025-06,China,Suning,[西沛生鲜] 新鲜谷物鸡蛋 10枚 散养土鸡蛋 柴鸡蛋笨鸡蛋草鸡蛋整箱,cage-free not identified,FALSE,Has no commitment and is not reporting,1,0,0,0,0,1,0,0
2025-06,China,Suning,[苏鲜生推荐] 这时光可生食鸡蛋20枚礼盒装 新鲜无菌营养溏心蛋温泉蛋,insufficient information,FALSE,Has no commitment and is not reporting,0,0,0,0,0,0,0,1
2025-06,China,Suning,[苏鲜生推荐] 这时光可生食鸡蛋30枚礼盒装 新鲜无菌营养溏心蛋温泉蛋,insufficient information,FALSE,Has no commitment and is not reporting,0,0,0,0,0,0,0,1
2025-06,China,Suning,苏鲜生 [苏宁自有品牌]可生食无抗富硒鸡蛋1.71千克(30枚),insufficient information,FALSE,Has no commitment and is not reporting,0,0,0,0,0,0,0,1
2025-06,China,Suning,苗佳新可生食蛋绿色无抗鲜鸡蛋无菌蛋30枚/1500g,cage-free not identified,FALSE,Has no commitment and is not reporting,1,0,0,0,0,1,0,0
2025-06,China,Suning,苏鲜生 [苏宁自有品牌]咯咯哒醇香金鸡蛋1.2千克(20枚)可生食鸡蛋 含有叶黄素和OMEGA-3无菌蛋温泉蛋溏心鸡蛋,insufficient information,FALSE,Has no commitment and is not reporting,0,0,0,0,0,0,0,1
2025-06,China,Suning,[苏鲜生推荐] 雀淘 可生食鲜鸡蛋30枚无沙门氏菌无抗生素溏心蛋营养早餐,cage-free not identified,FALSE,Has no commitment and is not reporting,1,0,0,0,0,1,0,0
2025-06,China,Suning,[西沛生鲜]新鲜谷物鸡蛋 20枚 散养土鸡蛋 柴鸡蛋笨鸡蛋草鸡蛋整箱,free-range,FALSE,Has no commitment and is not reporting,1,0,0,1,0,0,0,0
2025-06,China,Suning,[苏鲜生推荐] 雀淘 AA级皖南新鲜土鸡蛋20枚正宗农家橙心鸡蛋营养早餐,free-range,FALSE,Has no commitment and is not reporting,1,0,0,1,0,0,0,0
2025-06,China,Suning,苏宁超市自营 晋龙 新鲜鸡蛋10枚红心蛋非农家散养鸡蛋,cage-free not identified,FALSE,Has no commitment and is not reporting,1,0,0,0,0,1,0,0
2025-06,China,Suning,[苏鲜生推荐] 这时光可生食鸡蛋10枚礼盒装 新鲜无菌营养溏心蛋温泉蛋,insufficient information,FALSE,Has no commitment and is not reporting,0,0,0,0,0,0,0,1
2025-06,China,Suning,[苏鲜生推荐] 雀淘 可生食鲜鸡蛋10枚无沙门氏菌无抗生素溏心蛋营养早餐,insufficient information,FALSE,Has no commitment and is not reporting,0,0,0,0,0,0,0,1
2025-06,China,Suning,[西沛生鲜]新鲜谷物鸡蛋 40枚 散养土鸡蛋 柴鸡蛋笨鸡蛋草鸡蛋整箱,free-range,FALSE,Has no commitment and is not reporting,1,0,0,1,0,0,0,0
2025-06,China,Suning,苗佳新可生食蛋绿色无抗鲜鸡蛋无菌蛋20枚/1000g,cage-free not identified,FALSE,Has no commitment and is not reporting,1,0,0,0,0,1,0,0
2025-06,China,Suning,[苏鲜生推荐] 雀淘 AA级皖南新鲜土鸡蛋50枚橙心鸡蛋正宗农家营养早餐,cage-free not identified,FALSE,Has no commitment and is not reporting,1,0,0,0,0,1,0,0
2025-06,China,Suning,[西沛生鲜] 新鲜虫草鸡蛋 20枚 散养土鸡蛋柴鸡蛋笨鸡蛋草鸡蛋整箱,free-range,FALSE,Has no commitment and is not reporting,1,0,0,1,0,0,0,0
2025-06,China,Suning,苏鲜生 [苏宁自有品牌]咯咯哒醇香金鸡蛋1.8千克(30枚)可生食鸡蛋 含有叶黄素和OMEGA-3无菌蛋温泉蛋溏心鸡蛋,insufficient information,FALSE,Has no commitment and is not reporting,0,0,0,0,0,0,0,1
2025-06,China,Suning,[西沛生鲜] 新鲜谷物鸡蛋 30枚 散养土鸡蛋 柴鸡蛋笨鸡蛋草鸡蛋整箱,free-range,FALSE,Has no commitment and is not reporting,1,0,0,1,0,0,0,0
2025-06,China,Suning,[西沛生鲜]新鲜虫草乌鸡蛋 10枚 散养土鸡蛋 柴鸡蛋笨鸡蛋草鸡蛋整箱,cage-free not identified,FALSE,Has no commitment and is not reporting,1,0,0,0,0,1,0,0
2025-06,China,Suning,五个农民 40枚装 1600g湖北草鸡蛋 现捡现发土鸡蛋 农家自养,cage-free not identified,FALSE,Has no commitment and is not reporting,1,0,0,0,0,1,0,0
2025-06,China,Suning,苏宁自营 晋龙 新鲜鸡蛋10枚红心蛋非农家散养鸡蛋,cage-free not identified,FALSE,Has no commitment and is not reporting,1,0,0,0,0,1,0,0
2025-06,China,Suning,[西沛生鲜]新鲜土鸡蛋 10枚装 农家散养新鲜正宗草鸡蛋笨柴鸡蛋孕妇月子蛋整箱禽蛋,cage-free not identified,FALSE,Has no commitment and is not reporting,1,0,0,0,0,1,0,0
2025-06,China,Suning,[西沛生鲜]新鲜谷物蛋 4枚装 农家散养新鲜正宗草鸡蛋笨柴鸡蛋孕妇月子蛋整箱禽蛋,free-range,FALSE,Has no commitment and is not reporting,1,0,0,1,0,0,0,0
2025-06,China,Suning,[可生食 出口级]晋龙新鲜鸡蛋30枚可生食六无蛋,cage-free not identified,FALSE,Has no commitment and is not reporting,1,0,0,0,0,1,0,0
2025-06,China,Suning,[西沛生鲜]新鲜谷物蛋 10枚装 农家散养新鲜正宗草鸡蛋笨柴鸡蛋孕妇月子蛋整箱禽蛋,free-range,FALSE,Has no commitment and is not reporting,1,0,0,1,0,0,0,0
2025-06,China,Suning,[西沛生鲜]新鲜虫草乌鸡蛋 20枚 散养土鸡蛋 柴鸡蛋笨鸡蛋草鸡蛋整箱,free-range,FALSE,Has no commitment and is not reporting,1,0,0,1,0,0,0,0
2025-06,China,Suning,[苏鲜生推荐] 雀淘 AA级皖南新鲜土鸡蛋30枚正宗农家橙心鸡蛋营养早餐,free-range,FALSE,Has no commitment and is not reporting,1,0,0,1,0,0,0,0
2025-06,China,Suning,[西沛生鲜] 新鲜富硒鸡蛋40枚 散养土鸡蛋 柴鸡蛋笨鸡蛋草鸡蛋整箱,free-range,FALSE,Has no commitment and is not reporting,1,0,0,1,0,0,0,0
2025-06,China,Suning,[富硒蛋]晋龙 新鲜鸡蛋30枚无抗富硒鸡蛋,insufficient information,FALSE,Has no commitment and is not reporting,0,0,0,0,0,0,0,1
2025-06,China,Suning,[西沛生鲜]新鲜谷物蛋 30枚装 农家散养新鲜正宗草鸡蛋笨柴鸡蛋孕妇月子蛋整箱禽蛋,cage-free not identified,FALSE,Has no commitment and is not reporting,1,0,0,0,0,1,0,0
2025-06,China,Suning,晋龙 新鲜鸡蛋六无蛋30枚无鱼腥味无抗生素添加,insufficient information,FALSE,Has no commitment and is not reporting,0,0,0,0,0,0,0,1
2025-06,China,Suning,【西沛生鲜】新鲜虫草乌鸡蛋 10枚 散养土鸡蛋柴鸡蛋笨鸡蛋草鸡蛋整箱,cage-free not identified,FALSE,Has no commitment and is not reporting,1,0,0,0,0,1,0,0
2025-06,China,Suning,[西沛生鲜]正宗麻酱鸡蛋 30枚 麻酱咸鸡蛋麻将鸡蛋起砂流油红泥,insufficient information,FALSE,Has no commitment and is not reporting,0,0,0,0,0,0,0,1
2025-06,China,Suning,[西沛生鲜]新鲜虫草乌鸡蛋 30枚 散养土鸡蛋 柴鸡蛋笨鸡蛋草鸡蛋整箱,free-range,FALSE,Has no commitment and is not reporting,1,0,0,1,0,0,0,0
2025-06,China,Suning,[西沛生鲜] 新鲜谷物鸡蛋 4枚 散养土鸡蛋 柴鸡蛋笨鸡蛋草鸡蛋整箱,free-range,FALSE,Has no commitment and is not reporting,1,0,0,1,0,0,0,0
2025-06,China,Suning,[苏鲜生推荐] 雀淘 AA级皖南新鲜土鸡蛋40枚橙心鸡蛋正宗农家营养早餐,free-range,FALSE,Has no commitment and is not reporting,1,0,0,1,0,0,0,0
2025-06,China,Suning,[西沛生鲜]正宗麻酱鸡蛋 20枚 麻酱咸鸡蛋麻将鸡蛋起砂流油红泥,insufficient information,FALSE,Has no commitment and is not reporting,0,0,0,0,0,0,0,1
2025-06,China,Suning,[苏鲜生推荐]雀淘 五香卤蛋20枚 鸡蛋制品开袋即食整箱休闲食品零食小吃健康熟食,insufficient information,FALSE,Has no commitment and is not reporting,0,0,0,0,0,0,0,1
2025-06,China,Suning,汇尔康(HR)土鸡蛋 新鲜草鸡蛋30枚 农家散养 柴鸡蛋笨鸡蛋月子蛋 非鸭蛋鹅蛋鹌鹑蛋,free-range,FALSE,Has no commitment and is not reporting,1,0,0,1,0,0,0,0
2025-06,China,Suning,[西沛生鲜]新鲜 谷物蛋 20枚装 农家散养新鲜正宗草鸡蛋笨柴鸡蛋孕妇月子蛋整箱禽蛋,free-range,FALSE,Has no commitment and is not reporting,1,0,0,1,0,0,0,0
2025-06,China,Suning,[西沛生鲜]新鲜 谷物蛋 10枚装 农家散养新鲜正宗草鸡蛋笨柴鸡蛋孕妇月子蛋整箱禽蛋,free-range,FALSE,Has no commitment and is not reporting,1,0,0,1,0,0,0,0
2025-06,China,Suning,[西沛生鲜]礼盒装 新鲜虫草乌鸡蛋 15枚 散养土鸡蛋柴鸡蛋笨鸡蛋草鸡蛋整箱,cage-free not identified,FALSE,Has no commitment and is not reporting,1,0,0,0,0,1,0,0
2025-06,China,Suning,[西沛生鲜]鸡蛋变蛋 30枚 变鸡蛋皮蛋变蛋无铅溏心整箱,insufficient information,FALSE,Has no commitment and is not reporting,0,0,0,0,0,0,0,1
2025-06,China,Suning,[神丹]无抗保洁鲜鸡蛋 16枚装 谷物喂养鲜鸡蛋谷物喂养无抗认证,cage-free not identified,FALSE,Has no commitment and is not reporting,1,0,0,0,0,1,0,0
2025-06,China,Suning,[神丹]绿壳鸡蛋可生食保洁蛋 30枚 黑鸡绿蛋新鲜散养鲜鸡蛋保洁蛋,free-range,FALSE,Has no commitment and is not reporting,1,0,0,1,0,0,0,0
2025-06,China,Suning,五个农民 20枚装 800g湖北草鸡蛋 现捡现发土鸡蛋 农家自养,cage-free not identified,FALSE,Has no commitment and is not reporting,1,0,0,0,0,1,0,0
2025-06,China,Suning,晋龙 新鲜鸡蛋40枚红心蛋 非农家散养鸡蛋,cage,FALSE,Has no commitment and is not reporting,0,0,0,0,0,0,1,0
2025-06,China,Suning,[西沛生鲜]新鲜 土鸡蛋 10枚装 农家散养新鲜正宗草鸡蛋笨柴鸡蛋孕妇月子蛋整箱禽蛋,free-range,FALSE,Has no commitment and is not reporting,1,0,0,1,0,0,0,0
2025-06,China,Suning,[西沛生鲜]新鲜绿壳鸡蛋 10枚装 农家散养 新鲜正宗草鸡蛋笨柴鸡蛋孕妇月子蛋整箱禽蛋,free-range,FALSE,Has no commitment and is not reporting,1,0,0,1,0,0,0,0
2025-06,China,Suning,赛卡伊 30枚家养新鲜土鸡蛋散养鸡蛋儿童营养鸡蛋七彩鸡蛋,cage-free not identified,FALSE,Has no commitment and is not reporting,1,0,0,0,0,1,0,0
2025-06,China,Suning,[西沛生鲜]新鲜谷物蛋 20枚装 农家散养新鲜正宗草鸡蛋笨柴鸡蛋孕妇月子蛋整箱禽蛋,free-range,FALSE,Has no commitment and is not reporting,1,0,0,1,0,0,0,0
2025-06,China,Suning,苗佳新 可生食蛋绿色无抗鲜鸡蛋无菌蛋10枚500g,insufficient information,FALSE,Has no commitment and is not reporting,0,0,0,0,0,0,0,1
2025-06,China,Suning,[西沛生鲜] 新鲜虫草鸡蛋 30枚 散养土鸡蛋柴鸡蛋笨鸡蛋草鸡蛋整箱,free-range,FALSE,Has no commitment and is not reporting,1,0,0,1,0,0,0,0
2025-06,China,Suning,苗佳新 可生食蛋绿色无抗鲜鸡蛋无菌蛋20枚,cage-free not identified,FALSE,Has no commitment and is not reporting,1,0,0,0,0,1,0,0
2025-06,China,Suning,[西沛生鲜]正宗麻酱鸡蛋 10枚 麻酱咸鸡蛋麻将鸡蛋起砂流油红泥,insufficient information,FALSE,Has no commitment and is not reporting,0,0,0,0,0,0,0,1
2025-06,China,Suning,五个农民 12枚装 480g湖北三峡草鸡蛋 现捡现发土鸡蛋 农家自养,free-range,FALSE,Has no commitment and is not reporting,1,0,0,1,0,0,0,0
2025-06,China,Suning,快挑食 土鸡蛋 农家散养新鲜20枚草鸡蛋柴鸡蛋本笨鸡蛋 非鹌鹑蛋鸭蛋 笨鸡蛋柴鸡蛋草鸡蛋 华东,free-range,FALSE,Has no commitment and is not reporting,1,0,0,1,0,0,0,0
2025-06,China,Suning,晋龙 新鲜鸡蛋40枚红心蛋非农家散养鸡蛋,cage-free not identified,FALSE,Has no commitment and is not reporting,1,0,0,0,0,1,0,0
2025-06,China,Suning,[西沛生鲜] 新鲜虫草鸡蛋 10枚 散养土鸡蛋柴鸡蛋笨鸡蛋草鸡蛋整箱,free-range,FALSE,Has no commitment and is not reporting,1,0,0,1,0,0,0,0
2025-06,China,Suning,[西沛生鲜]新鲜虫草乌鸡蛋 40枚 散养土鸡蛋 柴鸡蛋笨鸡蛋草鸡蛋整箱,free-range,FALSE,Has no commitment and is not reporting,1,0,0,1,0,0,0,0
2025-06,China,Suning,[富硒蛋]晋龙 新鲜鸡蛋30枚无抗富硒蛋,insufficient information,FALSE,Has no commitment and is not reporting,0,0,0,0,0,0,0,1
2025-06,China,Suning,[西沛生鲜]新鲜谷物蛋 50枚装 农家散养新鲜正宗草鸡蛋笨柴鸡蛋孕妇月子蛋整箱禽蛋,free-range,FALSE,Has no commitment and is not reporting,1,0,0,1,0,0,0,0
2025-06,China,Suning,五个农民 30枚装 1200g湖北草鸡蛋 现捡现发土鸡蛋 农家自养,cage-free not identified,FALSE,Has no commitment and is not reporting,1,0,0,0,0,1,0,0
2025-06,China,Suning,苗佳新可生食蛋绿色无抗鲜鸡蛋无菌蛋10枚/500g,insufficient information,FALSE,Has no commitment and is not reporting,0,0,0,0,0,0,0,1
2025-06,China,Suning,[西沛生鲜]新鲜谷物蛋 40枚装 农家散养新鲜正宗草鸡蛋笨柴鸡蛋孕妇月子蛋整箱禽蛋,free-range,FALSE,Has no commitment and is not reporting,1,0,0,1,0,0,0,0
2025-06,China,Suning,晋龙 叶黄素 可生食新鲜鸡蛋30枚,insufficient information,FALSE,Has no commitment and is not reporting,0,0,0,0,0,0,0,1
2025-06,China,Suning,正宗土鸡蛋农家散养新鲜乌鸡蛋虫草蛋山鸡蛋组合装 50枚[土鸡蛋] 均码,free-range,FALSE,Has no commitment and is not reporting,1,0,0,1,0,0,0,0
2025-06,China,Suning,正宗土鸡蛋新鲜现捡 生态农家村散自养天然草鸡蛋柴鸡蛋 40枚土鸡蛋 顺丰 顺丰包邮,free-range,FALSE,Has no commitment and is not reporting,1,0,0,1,0,0,0,0
2025-06,China,Suning,[西沛生鲜]新鲜土鸡蛋 30枚装 农家散养新鲜正宗草鸡蛋笨柴鸡蛋孕妇月子蛋整箱禽蛋,free-range,FALSE,Has no commitment and is not reporting,1,0,0,1,0,0,0,0
2025-06,China,Suning,[西沛生鲜]新鲜虫草鸡蛋 30枚装 农家散养新鲜正宗草鸡蛋笨柴鸡蛋孕妇月子蛋整箱禽蛋,free-range,FALSE,Has no commitment and is not reporting,1,0,0,1,0,0,0,0
2025-06,China,Suning,[西沛生鲜] 新鲜富硒鸡蛋 20枚 散养土鸡蛋 柴鸡蛋笨鸡蛋草鸡蛋整箱,cage-free not identified,FALSE,Has no commitment and is not reporting,1,0,0,0,0,1,0,0
2025-06,China,Suning,[西沛生鲜] 新鲜富硒鸡蛋10枚 散养土鸡蛋 柴鸡蛋笨鸡蛋草鸡蛋整箱,free-range,FALSE,Has no commitment and is not reporting,1,0,0,1,0,0,0,0
2025-06,China,Suning,[西沛生鲜]新鲜绿壳鸡蛋 30枚装 农家散养 新鲜正宗草鸡蛋笨柴鸡蛋孕妇月子蛋整箱禽蛋,free-range,FALSE,Has no commitment and is not reporting,1,0,0,1,0,0,0,0
2025-06,China,Suning,破损包赔 农家散养土鸡蛋新鲜土鸡蛋正宗草鸡蛋笨柴鸡蛋 40枚(40-50g),free-range,FALSE,Has no commitment and is not reporting,1,0,0,1,0,0,0,0
2025-06,China,Suning,[西沛生鲜]新鲜绿壳鸡蛋20枚+土鸡蛋30枚 农家散养 新鲜正宗草鸡蛋笨柴鸡蛋孕妇月子蛋整箱禽蛋,free-range,FALSE,Has no commitment and is not reporting,1,0,0,1,0,0,0,0
2025-06,China,Suning,苗佳新X五个农民可生食蛋绿色无抗鲜鸡蛋无菌蛋30枚1500g,cage-free not identified,FALSE,Has no commitment and is not reporting,1,0,0,0,0,1,0,0
2025-06,China,Suning,30只装 农家毛蛋生毛鸡蛋批发新鲜鸡胚蛋旺鸡蛋喜蛋非活珠子凤凰蛋,cage-free not identified,FALSE,Has no commitment and is not reporting,1,0,0,0,0,1,0,0
2025-06,China,Suning,[西沛生鲜]礼盒装 新鲜虫草乌鸡蛋 15枚 散养土鸡蛋 柴鸡蛋笨鸡蛋草鸡蛋富硒蛋整箱,free-range,FALSE,Has no commitment and is not reporting,1,0,0,1,0,0,0,0
2025-06,China,Suning,[西沛生鲜]富硒鸡蛋 40枚 农家谷物虫草孕妇宝宝笨鸡蛋 新鲜土鸡蛋散养,cage-free not identified,FALSE,Has no commitment and is not reporting,1,0,0,0,0,1,0,0
2025-06,China,Suning,[西沛生鲜] 新鲜富硒鸡蛋 30枚 散养土鸡蛋 柴鸡蛋笨鸡蛋草鸡蛋整箱,free-range,FALSE,Has no commitment and is not reporting,1,0,0,1,0,0,0,0
2025-06,China,Suning,快挑食 土鸡蛋 农家散养新鲜20枚草鸡蛋柴鸡蛋本笨鸡蛋 非鹌鹑蛋鸭蛋 笨鸡蛋柴鸡蛋草鸡蛋 华东,free-range,FALSE,Has no commitment and is not reporting,1,0,0,1,0,0,0,0
2025-06,China,Suning,[西沛生鲜]新鲜绿壳鸡蛋 50枚装 农家散养新鲜正宗草鸡蛋笨柴鸡蛋孕妇月子蛋整箱禽蛋,cage-free not identified,FALSE,Has no commitment and is not reporting,1,0,0,0,0,1,0,0
2025-06,China,Suning,[可生食 出口级]晋龙 新鲜鸡蛋30枚可生食六无蛋鸡蛋,insufficient information,FALSE,Has no commitment and is not reporting,0,0,0,0,0,0,0,1
2025-06,China,Suning,土鸡蛋散养农村柴鸡蛋20枚现捡新鲜营养笨鸡蛋批发整箱 普通快递 20枚试吃装,free-range,FALSE,Has no commitment and is not reporting,1,0,0,1,0,0,0,0
2025-06,China,Suning,农家散养土鸡蛋当日 草鸡蛋笨鸡蛋 20枚尝鲜装,free-range,FALSE,Has no commitment and is not reporting,1,0,0,1,0,0,0,0
2025-06,China,Suning,[西沛生鲜]新鲜 谷物蛋 30枚装 农家散养新鲜正宗草鸡蛋笨柴鸡蛋孕妇月子蛋整箱禽蛋,cage-free not identified,FALSE,Has no commitment and is not reporting,1,0,0,0,0,1,0,0
2025-06,China,Suning,土鸡蛋散养农村柴鸡蛋20枚现捡新鲜营养笨鸡蛋批发整箱 普通快递 30枚实惠装[推荐],free-range,FALSE,Has no commitment and is not reporting,1,0,0,1,0,0,0,0
2025-06,China,Suning,绿壳鸡蛋农家散养土鸡蛋新鲜草鸡蛋乌鸡蛋黑羽鸡蛋 30枚装,barn,FALSE,Has no commitment and is not reporting,1,1,0,0,0,0,0,0
2025-06,China,Suning,土鸡蛋散养农村柴鸡蛋20枚现捡新鲜营养笨鸡蛋批发整箱 20枚试吃装,free-range,FALSE,Has no commitment and is not reporting,1,0,0,1,0,0,0,0
2025-06,China,Suning,土鸡蛋散养农村柴鸡蛋20枚现捡新鲜营养笨鸡蛋批发整箱 40枚装[强烈推荐],free-range,FALSE,Has no commitment and is not reporting,1,0,0,1,0,0,0,0
2025-06,China,Suning,正宗土鸡蛋散养农村柴鸡蛋40枚现捡新鲜营养笨鸡蛋,free-range,FALSE,Has no commitment and is not reporting,1,0,0,1,0,0,0,0
2025-06,China,Suning,农家散养土鸡蛋当日 草鸡蛋笨鸡蛋 40枚装,free-range,FALSE,Has no commitment and is not reporting,1,0,0,1,0,0,0,0
2025-06,China,Suning,赛卡伊 绿壳鸡蛋新鲜乌鸡蛋农家散养土鸡蛋正宗月子初生蛋草鸡蛋绿皮鸡蛋,free-range,FALSE,Has no commitment and is not reporting,1,0,0,1,0,0,0,0
2025-06,China,Suning,[西沛生鲜]新鲜土鸡蛋 20枚装 农家散养新鲜正宗草鸡蛋笨柴鸡蛋孕妇月子蛋整箱禽蛋,free-range,FALSE,Has no commitment and is not reporting,1,0,0,1,0,0,0,0
2025-06,China,Suning,[西沛生鲜]新鲜土鸡蛋 50枚装 农家散养新鲜正宗草鸡蛋笨柴鸡蛋孕妇月子蛋整箱禽蛋,free-range,FALSE,Has no commitment and is not reporting,1,0,0,1,0,0,0,0
2025-06,China,Suning,[西沛生鲜]新鲜绿壳鸡蛋 30枚装 农家散养新鲜正宗草鸡蛋笨柴鸡蛋孕妇月子蛋整箱禽蛋,free-range,FALSE,Has no commitment and is not reporting,1,0,0,1,0,0,0,0
2025-06,China,Suning,[西沛生鲜]新鲜土鸡蛋 20枚装 农家散养 新鲜正宗草鸡蛋笨柴鸡蛋孕妇月子蛋整箱禽蛋,free-range,FALSE,Has no commitment and is not reporting,1,0,0,1,0,0,0,0
2025-06,China,Suning,[西沛生鲜]新鲜绿壳鸡蛋20枚+土鸡蛋20枚 农家散养 新鲜正宗草鸡蛋笨柴鸡蛋孕妇月子蛋整箱禽蛋,free-range,FALSE,Has no commitment and is not reporting,1,0,0,1,0,0,0,0
2025-06,China,Suning,[西沛生鲜] 礼盒装 新鲜富硒虫草蛋 散养土鸡蛋 15枚 农家谷物虫草孕妇宝宝笨鸡蛋,free-range,FALSE,Has no commitment and is not reporting,1,0,0,1,0,0,0,0
2025-06,China,Suning,晋龙 叶黄素可生食新鲜鸡蛋30枚,insufficient information,FALSE,Has no commitment and is not reporting,0,0,0,0,0,0,0,1
2025-06,China,Suning,[西沛生鲜]新鲜虫草鸡蛋 10枚装 农家散养新鲜正宗草鸡蛋笨柴鸡蛋孕妇月子蛋整箱禽蛋,insufficient information,FALSE,Has no commitment and is not reporting,0,0,0,0,0,0,0,1
2025-06,China,Suning,博多客 活珠子 鸡蛋胚鸡宝 13天 新鲜旺鸡蛋喜蛋 20枚 非毛鸡蛋生鲜新鲜,insufficient information,FALSE,Has no commitment and is not reporting,0,0,0,0,0,0,0,1
2025-06,China,Suning,土鸡蛋散养农村柴鸡蛋20枚现捡新鲜营养笨鸡蛋批发整箱 40枚礼盒装,free-range,FALSE,Has no commitment and is not reporting,1,0,0,1,0,0,0,0
2025-06,China,Suning,土鸡蛋绿壳蛋混装散养土鸡蛋月子蛋笨鸡蛋整箱批发 40枚家庭装,cage-free not identified,FALSE,Has no commitment and is not reporting,1,0,0,0,0,1,0,0
2025-06,China,Suning,正宗土鸡蛋散养农村农家新鲜柴鸡蛋草鸡蛋笨鸡蛋绿壳乌鸡蛋批发 40枚[土鸡蛋+乌鸡蛋混合装] 均码,free-range,FALSE,Has no commitment and is not reporting,1,0,0,1,0,0,0,0
2025-06,China,Suning,正宗土鸡蛋散养农村农家新鲜柴鸡蛋草鸡蛋笨鸡蛋绿壳乌鸡蛋批发 10枚[土鸡蛋+乌鸡蛋]混合装 均码,free-range,FALSE,Has no commitment and is not reporting,1,0,0,1,0,0,0,0
2025-06,China,Suning,[农村散养]新鲜粉壳绿壳土鸡蛋乌鸡蛋正宗笨鸡蛋柴鸡蛋草鸡蛋 30枚[粉绿壳混合装]实惠 均码,free-range,FALSE,Has no commitment and is not reporting,1,0,0,1,0,0,0,0
2025-06,China,Suning,赛卡伊 40枚正宗新鲜现捡土鸡蛋农村散养 柴鸡蛋农家笨鸡蛋整箱,barn,FALSE,Has no commitment and is not reporting,1,1,0,0,0,0,0,0
2025-06,China,Suning,[西沛生鲜][礼盒装]新鲜绿壳鸡蛋 10枚装 农家散养新鲜正宗草鸡蛋笨柴鸡蛋孕妇月子蛋整箱禽蛋,free-range,FALSE,Has no commitment and is not reporting,1,0,0,1,0,0,0,0
2025-06,China,Suning,[西沛生鲜]新鲜 谷物蛋 40枚装 农家散养新鲜正宗草鸡蛋笨柴鸡蛋孕妇月子蛋整箱禽蛋,cage-free not identified,FALSE,Has no commitment and is not reporting,1,0,0,0,0,1,0,0
2025-06,China,Suning,[西沛生鲜]谷物蛋20枚+绿壳蛋20枚 农家散养新鲜正宗草鸡蛋笨柴鸡蛋孕妇月子蛋整箱禽蛋,cage-free not identified,FALSE,Has no commitment and is not reporting,1,0,0,0,0,1,0,0
2025-06,China,Suning,[西沛生鲜][礼盒装]新鲜绿壳鸡蛋 30枚装 农家散养新鲜正宗草鸡蛋笨柴鸡蛋孕妇月子蛋整箱禽蛋,free-range,FALSE,Has no commitment and is not reporting,1,0,0,1,0,0,0,0
2025-06,China,Suning,[西沛生鲜]新鲜绿壳鸡蛋 20枚装 农家散养 新鲜正宗草鸡蛋笨柴鸡蛋孕妇月子蛋整箱禽蛋,cage-free not identified,FALSE,Has no commitment and is not reporting,1,0,0,0,0,1,0,0
2025-06,China,Suning,[西沛生鲜] 礼盒装 新鲜富硒虫草蛋 散养土鸡蛋 30枚 农家谷物虫草孕妇宝宝笨鸡蛋,free-range,FALSE,Has no commitment and is not reporting,1,0,0,1,0,0,0,0
2025-06,China,Suning,[西沛生鲜]新鲜虫草鸡蛋 20枚装 农家散养 新鲜正宗草鸡蛋笨柴鸡蛋孕妇月子蛋整箱禽蛋,insufficient information,FALSE,Has no commitment and is not reporting,0,0,0,0,0,0,0,1
2025-06,China,Suning,博多客绿壳鸡蛋乌鸡蛋农村笨鸡蛋新鲜鸡蛋初生20枚FY,cage-free not identified,FALSE,Has no commitment and is not reporting,1,0,0,0,0,1,0,0
2025-06,China,Suning,博多客绿壳鸡蛋农家散养30枚新鲜鸡蛋初生乌鸡蛋FY,cage-free not identified,FALSE,Has no commitment and is not reporting,1,0,0,0,0,1,0,0
2025-06,India,Star Bazaar (Trent/Tata),Avaneesh Farm Fresh White Eggs,insufficient information,FALSE,Has no commitment and is not reporting,0,0,0,0,0,0,0,1
2025-06,India,Star Bazaar (Trent/Tata),Farm Made Free Range Eggs,free-range,FALSE,Has no commitment and is not reporting,1,0,0,1,0,0,0,0
2025-06,India,Star Bazaar (Trent/Tata),Avaneesh Farm Fresh Brown Eggs,insufficient information,FALSE,Has no commitment and is not reporting,0,0,0,0,0,0,0,1
2025-06,India,Star Bazaar (Trent/Tata),Ntm Natural Healthy Brown Eggs,insufficient information,FALSE,Has no commitment and is not reporting,0,0,0,0,0,0,0,1
2025-06,India,Star Bazaar (Trent/Tata),Upf Healthy Eggs Brown,insufficient information,FALSE,Has no commitment and is not reporting,0,0,0,0,0,0,0,1
2025-06,India,Star Bazaar (Trent/Tata),Upf Healthy Eggs Brown,insufficient information,FALSE,Has no commitment and is not reporting,0,0,0,0,0,0,0,1
2025-06,India,Star Bazaar (Trent/Tata),Farm Made Free Range Brown Eggs,free-range,FALSE,Has no commitment and is not reporting,1,0,0,1,0,0,0,0
2025-06,India,Star Bazaar (Trent/Tata),Abhi Vitamin D3 White Eggs,insufficient information,FALSE,Has no commitment and is not reporting,0,0,0,0,0,0,0,1
2025-06,India,Star Bazaar (Trent/Tata),Upf Healthy White Eggs,insufficient information,FALSE,Has no commitment and is not reporting,0,0,0,0,0,0,0,1
2025-06,India,Star Bazaar (Trent/Tata),Namdeo Regular Farm Eggs,insufficient information,FALSE,Has no commitment and is not reporting,0,0,0,0,0,0,0,1
2025-06,Indonesia,Hypermart,TELUR NEGERI 10 PCS,insufficient information,FALSE,Has no commitment and is not reporting,0,0,0,0,0,0,0,1
2025-06,Japan,AEON Group,宮崎デリカ温泉たまご3個入り 3個入り,insufficient information,FALSE,Has no commitment and is not reporting,0,0,0,0,0,0,0,1
2025-06,Japan,AEON Group,たまご白玉M 10玉入,insufficient information,FALSE,Has no commitment and is not reporting,0,0,0,0,0,0,0,1
2025-06,Japan,AEON Group,たまご白玉L 10玉入,insufficient information,FALSE,Has no commitment and is not reporting,0,0,0,0,0,0,0,1
2025-06,Japan,AEON Group,たまご白玉MS 10玉入,insufficient information,FALSE,Has no commitment and is not reporting,0,0,0,0,0,0,0,1
2025-06,Japan,AEON Group,健康な親鶏が産んだはっこう卵（赤玉6玉）,insufficient information,FALSE,Has no commitment and is not reporting,0,0,0,0,0,0,0,1
2025-06,Japan,AEON Group,たまご白玉M 6玉入,insufficient information,FALSE,Has no commitment and is not reporting,0,0,0,0,0,0,0,1
2025-06,Japan,AEON Group,赤たまご 1パック 10玉入り,insufficient information,FALSE,Has no commitment and is not reporting,0,0,0,0,0,0,0,1
2025-06,Japan,AEON Group,FC琉球元気応援たまご 1パック（10玉入り）,insufficient information,FALSE,Has no commitment and is not reporting,0,0,0,0,0,0,0,1
2025-06,Japan,AEON Group,康卵 6玉入り,insufficient information,FALSE,Has no commitment and is not reporting,0,0,0,0,0,0,0,1
2025-06,Japan,AEON Group,のびのび平飼いケージフリーたまご,free-range,FALSE,Has no commitment and is not reporting,1,0,0,1,0,0,0,0
2025-06,Japan,AEON Group,前田鶏卵温泉たまご 4玉入り,insufficient information,FALSE,Has no commitment and is not reporting,0,0,0,0,0,0,0,1
2025-06,Japan,Tokyu Store Corporation,Vマーク 温泉たまご(白) 4個入,insufficient information,FALSE,Has no commitment and is not reporting,0,0,0,0,0,0,0,1
2025-06,Japan,Tokyu Store Corporation,温泉たまご トッピング用 4個入,insufficient information,FALSE,Has no commitment and is not reporting,0,0,0,0,0,0,0,1
2025-06,Japan,Tokyu Store Corporation,Vマークグルメテーブル おいしい赤たまご 10個入,insufficient information,FALSE,Has no commitment and is not reporting,0,0,0,0,0,0,0,1
2025-06,Japan,Tokyu Store Corporation,Vマークグルメテーブル おいしい赤たまご 4個入,insufficient information,FALSE,Has no commitment and is not reporting,0,0,0,0,0,0,0,1
2025-06,Japan,Tokyu Store Corporation,Vマークグルメテーブル おいしい赤たまご 6個入,insufficient information,FALSE,Has no commitment and is not reporting,0,0,0,0,0,0,0,1
2025-06,Japan,Tokyu Store Corporation,キユーピー ゆで卵をつぶしてつくる たまごサラダ 1袋,insufficient information,FALSE,Has no commitment and is not reporting,0,0,0,0,0,0,0,1
2025-06,Japan,Tokyu Store Corporation,キユーピー ゆで卵をつぶしてつくる たまごポテトサラダ 1袋,insufficient information,FALSE,Has no commitment and is not reporting,0,0,0,0,0,0,0,1
2025-06,Japan,Tokyu Store Corporation,JA全農たまご 農協たまご 10個入,insufficient information,FALSE,Has no commitment and is not reporting,0,0,0,0,0,0,0,1
2025-06,Japan,Tokyu Store Corporation,愛川町のたまご 10個入,insufficient information,FALSE,Has no commitment and is not reporting,0,0,0,0,0,0,0,1
2025-06,Japan,Tokyu Store Corporation,愛川町のたまご 6個入,insufficient information,FALSE,Has no commitment and is not reporting,0,0,0,0,0,0,0,1
2025-06,Japan,Tokyu Store Corporation,ヨード卵光 6個入,insufficient information,FALSE,Has no commitment and is not reporting,0,0,0,0,0,0,0,1
2025-06,Japan,Tokyu Store Corporation,JA全農 赤城のたまご 稲穂育ち 6個入,insufficient information,FALSE,Has no commitment and is not reporting,0,0,0,0,0,0,0,1
2025-06,Japan,Tokyu Store Corporation,アキタフーズ きよら グルメ仕立て 10個入,insufficient information,FALSE,Has no commitment and is not reporting,0,0,0,0,0,0,0,1
2025-06,Japan,Tokyu Store Corporation,JA全農 地養卵 6個入,insufficient information,FALSE,Has no commitment and is not reporting,0,0,0,0,0,0,0,1
2025-06,Japan,Tokyu Store Corporation,JA全農たまご とくたま 6個入,insufficient information,FALSE,Has no commitment and is not reporting,0,0,0,0,0,0,0,1
2025-06,Japan,Tokyu Store Corporation,愛知の紅たまご 10個入,insufficient information,FALSE,Has no commitment and is not reporting,0,0,0,0,0,0,0,1
2025-06,Japan,Tokyu Store Corporation,桜川農場 平飼いたまご 6個入,free-range,FALSE,Has no commitment and is not reporting,1,0,0,1,0,0,0,0
2025-06,Malaysia,Aeon,QL Omega Eggs,insufficient information,FALSE,Has commitment but is not reporting,0,0,0,0,0,0,0,1
2025-06,Malaysia,Aeon,LTP Telur Kampung,insufficient information,FALSE,Has commitment but is not reporting,0,0,0,0,0,0,0,1
2025-06,Malaysia,Aeon,Nutriplus Eggs Omega-3 (L),insufficient information,FALSE,Has commitment but is not reporting,0,0,0,0,0,0,0,1
2025-06,Malaysia,Aeon,QL Premium Quality Eggs,insufficient information,FALSE,Has commitment but is not reporting,0,0,0,0,0,0,0,1
2025-06,Malaysia,Aeon,QL Classic Eggs (Grade A),insufficient information,FALSE,Has commitment but is not reporting,0,0,0,0,0,0,0,1
2025-06,Malaysia,Aeon,Nutriplus Classic Eggs M,insufficient information,FALSE,Has commitment but is not reporting,0,0,0,0,0,0,0,1
2025-06,Malaysia,Aeon,Nutriplus Jumbo Eggs With Omega-3,insufficient information,FALSE,Has commitment but is not reporting,0,0,0,0,0,0,0,1
2025-06,Malaysia,Aeon,QL Fresh Eggs Grade (B),insufficient information,FALSE,Has commitment but is not reporting,0,0,0,0,0,0,0,1
2025-06,Malaysia,Aeon,NutriPlus Classis Size Plus (L),insufficient information,FALSE,Has commitment but is not reporting,0,0,0,0,0,0,0,1
2025-06,Malaysia,Aeon,LTK Omega Eggs,insufficient information,FALSE,Has commitment but is not reporting,0,0,0,0,0,0,0,1
2025-06,Malaysia,Aeon,M.S Pearly Kampung Egg,insufficient information,FALSE,Has commitment but is not reporting,0,0,0,0,0,0,0,1
2025-06,Malaysia,Aeon,LKFresh Telur Ayam Klasik Megaria (Grade A),insufficient information,FALSE,Has commitment but is not reporting,0,0,0,0,0,0,0,1
2025-06,Malaysia,Aeon,QL Classic Eggs Large,insufficient information,FALSE,Has commitment but is not reporting,0,0,0,0,0,0,0,1
2025-06,Malaysia,Aeon,Nutriplus Eggs Omega-3 XL,insufficient information,FALSE,Has commitment but is not reporting,0,0,0,0,0,0,0,1
2025-06,Malaysia,Aeon,Nutriplus Telur Kampung With Omega-3,cage-free not identified,FALSE,Has commitment but is not reporting,1,0,0,0,0,1,0,0
2025-06,Malaysia,Aeon,QL Sakura Lacto Egg,insufficient information,FALSE,Has commitment but is not reporting,0,0,0,0,0,0,0,1
2025-06,Malaysia,Aeon,LTP Lacto Plus,insufficient information,FALSE,Has commitment but is not reporting,0,0,0,0,0,0,0,1
2025-06,Malaysia,Aeon,Nutriplus Omega 3 (M),insufficient information,FALSE,Has commitment but is not reporting,0,0,0,0,0,0,0,1
2025-06,Malaysia,Aeon,LKFresh Fresh Egg Grade (B),insufficient information,FALSE,Has commitment but is not reporting,0,0,0,0,0,0,0,1
2025-06,Malaysia,Aeon,LTP Corn Plus,insufficient information,FALSE,Has commitment but is not reporting,0,0,0,0,0,0,0,1
2025-06,Malaysia,Aeon,Zenxin Organic Antibiotic-Free Selenium Egg,organic,FALSE,Has commitment but is not reporting,1,0,0,0,1,0,0,0
2025-06,Malaysia,Aeon,LKH Telur Kampung Segar,cage-free not identified,FALSE,Has commitment but is not reporting,1,0,0,0,0,1,0,0
2025-06,Malaysia,Aeon,M.S Macao Egg,insufficient information,FALSE,Has commitment but is not reporting,0,0,0,0,0,0,0,1
2025-06,Malaysia,Aeon,TOPVALU Omega Eggs,insufficient information,FALSE,Has commitment but is not reporting,0,0,0,0,0,0,0,1
2025-06,Malaysia,Aeon,TOPVALU Omega Eggs,insufficient information,FALSE,Has commitment but is not reporting,0,0,0,0,0,0,0,1
2025-06,Malaysia,Aeon,QL Classic Eggs Medium,insufficient information,FALSE,Has commitment but is not reporting,0,0,0,0,0,0,0,1
2025-06,Malaysia,Aeon,LTP Quail Eggs,insufficient information,FALSE,Has commitment but is not reporting,0,0,0,0,0,0,0,1
2025-06,Malaysia,Aeon,LTP Fresh Egg Grade B,insufficient information,FALSE,Has commitment but is not reporting,0,0,0,0,0,0,0,1
2025-06,Malaysia,Aeon,Nutriplus Low Cholesterol Eggs (M),insufficient information,FALSE,Has commitment but is not reporting,0,0,0,0,0,0,0,1
2025-06,Malaysia,Aeon,LKH Fresh Eggs Jumbo (AA),insufficient information,FALSE,Has commitment but is not reporting,0,0,0,0,0,0,0,1
2025-06,Malaysia,Aeon,LTK Organic Selenium Plus,organic,FALSE,Has commitment but is not reporting,1,0,0,0,1,0,0,0
2025-06,Malaysia,Aeon,QL Sandy Egg,insufficient information,FALSE,Has commitment but is not reporting,0,0,0,0,0,0,0,1
2025-06,Malaysia,Aeon,QL Omega 3 & DHA (M),insufficient information,FALSE,Has commitment but is not reporting,0,0,0,0,0,0,0,1
2025-06,Malaysia,Aeon,QL Sinar Fresh Eggs,insufficient information,FALSE,Has commitment but is not reporting,0,0,0,0,0,0,0,1
2025-06,Malaysia,Aeon,A1 Telur Kampung,insufficient information,FALSE,Has commitment but is not reporting,0,0,0,0,0,0,0,1
2025-06,Malaysia,Aeon,LTP Salted Egg,insufficient information,FALSE,Has commitment but is not reporting,0,0,0,0,0,0,0,1
2025-06,Malaysia,Aeon,Nutriplus Organic Selenium,organic,FALSE,Has commitment but is not reporting,1,0,0,0,1,0,0,0
2025-06,Malaysia,Aeon,LKH Classic Eggs (L) A,insufficient information,FALSE,Has commitment but is not reporting,0,0,0,0,0,0,0,1
2025-06,Malaysia,Aeon,Nutriplus Eggs With Organic Selenium M,organic,FALSE,Has commitment but is not reporting,1,0,0,0,1,0,0,0
2025-06,Malaysia,Aeon,LKH Classic Eggs (M) C,cage,FALSE,Has commitment but is not reporting,0,0,0,0,0,0,1,0
2025-06,Malaysia,Aeon,Nutriplus S-Clean Kampung Egg,cage-free not identified,FALSE,Has commitment but is not reporting,1,0,0,0,0,1,0,0
2025-06,Malaysia,Aeon,LTP Fresh Egg Grade A,insufficient information,FALSE,Has commitment but is not reporting,0,0,0,0,0,0,0,1
2025-06,Malaysia,Aeon,LKH Quail Eggs,insufficient information,FALSE,Has commitment but is not reporting,0,0,0,0,0,0,0,1
2025-06,Malaysia,Aeon,NutriPlus S-Clean Egg Fresh,insufficient information,FALSE,Has commitment but is not reporting,0,0,0,0,0,0,0,1
2025-06,Malaysia,Aeon,QL Omega 3 DHA Enriched,insufficient information,FALSE,Has commitment but is not reporting,0,0,0,0,0,0,0,1
2025-06,Malaysia,Aeon,NutriPlus S-Clean Egg Omega-3,insufficient information,FALSE,Has commitment but is not reporting,0,0,0,0,0,0,0,1
2025-06,Malaysia,Aeon,QL Salted Eggs,cage,FALSE,Has commitment but is not reporting,0,0,0,0,0,0,1,0
2025-06,Malaysia,Aeon,Nutriplus Lower Cholesterol M,insufficient information,FALSE,Has commitment but is not reporting,0,0,0,0,0,0,0,1
2025-06,Malaysia,Aeon,LKH Salted Egg,insufficient information,FALSE,Has commitment but is not reporting,0,0,0,0,0,0,0,1
2025-06,Malaysia,Aeon,LKFresh Telur Ayam Klasik Megaria,insufficient information,FALSE,Has commitment but is not reporting,0,0,0,0,0,0,0,1
2025-06,Malaysia,Aeon,Nutriplus Lower Cholestrol XL,insufficient information,FALSE,Has commitment but is not reporting,0,0,0,0,0,0,0,1
2025-06,Malaysia,Aeon,Onzen Eggs,insufficient information,FALSE,Has commitment but is not reporting,0,0,0,0,0,0,0,1
2025-06,Malaysia,Aeon,Safegg Pasteurized Eggs (L),insufficient information,FALSE,Has commitment but is not reporting,0,0,0,0,0,0,0,1
2025-06,Malaysia,Aeon,QL Sakura Lacto Eggs,insufficient information,FALSE,Has commitment but is not reporting,0,0,0,0,0,0,0,1
2025-06,Malaysia,Aeon,A1 King Duck Salted Eggs,cage,FALSE,Has commitment but is not reporting,0,0,0,0,0,0,1,0
2025-06,Malaysia,Aeon,NutriPlus S-Clean Egg (Selenium),insufficient information,FALSE,Has commitment but is not reporting,0,0,0,0,0,0,0,1
2025-06,Malaysia,Aeon,LTP Century Egg,insufficient information,FALSE,Has commitment but is not reporting,0,0,0,0,0,0,0,1
2025-06,Malaysia,Aeon,LKH Telur Itik,insufficient information,FALSE,Has commitment but is not reporting,0,0,0,0,0,0,0,1
2025-06,Malaysia,Aeon,LKH Duck Century Eggs,insufficient information,FALSE,Has commitment but is not reporting,0,0,0,0,0,0,0,1
2025-06,Malaysia,Aeon,LKH Chicken Century Egg,insufficient information,FALSE,Has commitment but is not reporting,0,0,0,0,0,0,0,1
2025-06,Malaysia,Aeon,A1 King Lower Cholesterol (Large),insufficient information,FALSE,Has commitment but is not reporting,0,0,0,0,0,0,0,1
2025-06,Malaysia,Aeon,Safegg Pasteurized Dha Eggs,insufficient information,FALSE,Has commitment but is not reporting,0,0,0,0,0,0,0,1
2025-06,Malaysia,Aeon,Safegg Tsukimi Pasteurized Egg,insufficient information,FALSE,Has commitment but is not reporting,0,0,0,0,0,0,0,1
2025-06,Malaysia,Jaya Grocer (Trendcell),NutriPlus Omega-3 Chicken Eggs 15pcs/pack,insufficient information,FALSE,Has commitment but is not reporting,0,0,0,0,0,0,0,1
2025-06,Malaysia,Jaya Grocer (Trendcell),Nutriplus Kampung Eggs with Omega-3 10pcs/pack,cage-free not identified,FALSE,Has commitment but is not reporting,1,0,0,0,0,1,0,0
2025-06,Malaysia,Jaya Grocer (Trendcell),LK Fresh All Natural Farm Fresh Eggs 12pcs/pack,insufficient information,FALSE,Has commitment but is not reporting,0,0,0,0,0,0,0,1
2025-06,Malaysia,Jaya Grocer (Trendcell),NutriPlus Jumbo Eggs with Omega 3 10pcs/pack,insufficient information,FALSE,Has commitment but is not reporting,0,0,0,0,0,0,0,1
2025-06,Malaysia,Jaya Grocer (Trendcell),NutriPlus Classic Plus Size Chicken Eggs 24pcs/pack,insufficient information,FALSE,Has commitment but is not reporting,0,0,0,0,0,0,0,1
2025-06,Malaysia,Jaya Grocer (Trendcell),QL Sakura Fresh Eggs 15pcs/pack,insufficient information,FALSE,Has commitment but is not reporting,0,0,0,0,0,0,0,1
2025-06,Malaysia,Jaya Grocer (Trendcell),QL Omega Eggs with Omega 3 and DHA (Large) 15pcs/pack,insufficient information,FALSE,Has commitment but is not reporting,0,0,0,0,0,0,0,1
2025-06,Malaysia,Jaya Grocer (Trendcell),Telur Ayam Kampung 10pcs/pack,insufficient information,FALSE,Has commitment but is not reporting,0,0,0,0,0,0,0,1
2025-06,Malaysia,Jaya Grocer (Trendcell),DFresh Classic Chicken Eggs 10pcs/pack,insufficient information,FALSE,Has commitment but is not reporting,0,0,0,0,0,0,0,1
2025-06,Malaysia,Jaya Grocer (Trendcell),NutriPlus Fresh Eggs with Omega 3 10pcs/pack,insufficient information,FALSE,Has commitment but is not reporting,0,0,0,0,0,0,0,1
2025-06,Malaysia,Jaya Grocer (Trendcell),QL Sakura Fresh Eggs 10pcs/pack,insufficient information,FALSE,Has commitment but is not reporting,0,0,0,0,0,0,0,1
2025-06,Malaysia,Jaya Grocer (Trendcell),QL Omega Eggs with Omega 3 and DHA (Medium) 10pcs/pack,insufficient information,FALSE,Has commitment but is not reporting,0,0,0,0,0,0,0,1
2025-06,Malaysia,Jaya Grocer (Trendcell),Nutriplus Low Cholesterol Fresh Eggs 10pcs/pack,insufficient information,FALSE,Has commitment but is not reporting,0,0,0,0,0,0,0,1
2025-06,Malaysia,Jaya Grocer (Trendcell),LTK Organic Selenium Plus Egg 10pcs/pack,organic,FALSE,Has commitment but is not reporting,1,0,0,0,1,0,0,0
2025-06,Malaysia,Jaya Grocer (Trendcell),QL Sandy Egg 15pcs/pack,insufficient information,FALSE,Has commitment but is not reporting,0,0,0,0,0,0,0,1
2025-06,Malaysia,Jaya Grocer (Trendcell),Nutriplus Classic Egg 10pcs/pack,insufficient information,FALSE,Has commitment but is not reporting,0,0,0,0,0,0,0,1
2025-06,Malaysia,Jaya Grocer (Trendcell),LK Fresh Free Range Eggs 6pcs/pack,free-range,FALSE,Has commitment but is not reporting,1,0,0,1,0,0,0,0
2025-06,Malaysia,Jaya Grocer (Trendcell),Lau Kon Hing Eggs Dealer Duck Century Egg 4pcs/pack,insufficient information,FALSE,Has commitment but is not reporting,0,0,0,0,0,0,0,1
2025-06,Malaysia,Jaya Grocer (Trendcell),Duck Eggs (Telur Itik) 10pcs/pack,insufficient information,FALSE,Has commitment but is not reporting,0,0,0,0,0,0,0,1
2025-06,Malaysia,Lotus,CHICKEN EGGS C 30S,cage,FALSE,Has commitment and is reporting,0,0,0,0,0,0,1,0
2025-06,Malaysia,Lotus,LOTUSS FRESH CHICKEN EGGS 30S,insufficient information,FALSE,Has commitment and is reporting,0,0,0,0,0,0,0,1
2025-06,Malaysia,Lotus,LOTUSS FRESH CHICKEN EGGS 30S,insufficient information,FALSE,Has commitment and is reporting,0,0,0,0,0,0,0,1
2025-06,Malaysia,Lotus,LOTUSS FRESH CHICKEN EGGS 30S,insufficient information,FALSE,Has commitment and is reporting,0,0,0,0,0,0,0,1
2025-06,Malaysia,Lotus,LOTUSS FRESH CHICKEN EGGS 10S (B),insufficient information,FALSE,Has commitment and is reporting,0,0,0,0,0,0,0,1
2025-06,Malaysia,Lotus,LOTUSS FRESH CHICKEN EGGS 10S (A),insufficient information,FALSE,Has commitment and is reporting,0,0,0,0,0,0,0,1
2025-06,Malaysia,Lotus,QPLUS FARM FRESH EGGS 15S,insufficient information,FALSE,Has commitment and is reporting,0,0,0,0,0,0,0,1
2025-06,Malaysia,Lotus,LOTUSS FRESH CHICKEN EGGS 10S (C),cage,FALSE,Has commitment and is reporting,0,0,0,0,0,0,1,0
2025-06,Malaysia,Lotus,LOTUSS FRESH CHICKEN EGGS 10S (B),cage-free not identified,FALSE,Has commitment and is reporting,1,0,0,0,0,1,0,0
2025-06,Malaysia,Lotus,LOTUSS FRESH CHICKEN EGGS 30S (C),cage,FALSE,Has commitment and is reporting,0,0,0,0,0,0,1,0
2025-06,Malaysia,Lotus,LOTUSS FRESH CHICKEN EGGS 10S (C),cage,FALSE,Has commitment and is reporting,0,0,0,0,0,0,1,0
2025-06,Malaysia,Lotus,LOTUS'S FRESH CHICKEN EGGS GRADE A 10 EGGS,cage,FALSE,Has commitment and is reporting,0,0,0,0,0,0,1,0
2025-06,Malaysia,Lotus,LOTUSS FRESH CHICKEN EGGS 30S,insufficient information,FALSE,Has commitment and is reporting,0,0,0,0,0,0,0,1
2025-06,Malaysia,Lotus,CHICKEN EGGS A 30S,insufficient information,FALSE,Has commitment and is reporting,0,0,0,0,0,0,0,1
2025-06,Malaysia,Lotus,LOTUSS FRESH CHICKEN EGGS 30S (B),insufficient information,FALSE,Has commitment and is reporting,0,0,0,0,0,0,0,1
2025-06,Malaysia,Lotus,CHICKEN EGGS B 30S,insufficient information,FALSE,Has commitment and is reporting,0,0,0,0,0,0,0,1
2025-06,Malaysia,Lotus,CP HYGIENIC EGG 30 E,insufficient information,FALSE,Has commitment and is reporting,0,0,0,0,0,0,0,1
2025-06,Malaysia,Lotus,CP HYGIENIC EGG 10S (B),cage,FALSE,Has commitment and is reporting,0,0,0,0,0,0,1,0
2025-06,Malaysia,Lotus,CP HYGIENIC EGGS 30% LESS CHOLESTEROL EGGS 30D,cage-free not identified,FALSE,Has commitment and is reporting,1,0,0,0,0,1,0,0
2025-06,Malaysia,Lotus,HAPPY EGG GRADE D 30S,insufficient information,FALSE,Has commitment and is reporting,0,0,0,0,0,0,0,1
2025-06,Malaysia,Lotus,CP HYGIENIC EGG 30 C,cage,FALSE,Has commitment and is reporting,0,0,0,0,0,0,1,0
2025-06,Malaysia,Lotus,HLRB (EC) FRESH CHICKEN EGG 30 EGGS D,insufficient information,FALSE,Has commitment and is reporting,0,0,0,0,0,0,0,1
2025-06,Malaysia,Lotus,CP HYGIENIC EGG 10S (C),cage,FALSE,Has commitment and is reporting,0,0,0,0,0,0,1,0
2025-06,Malaysia,Lotus,CP HYGIENIC EGG 10S (A),insufficient information,FALSE,Has commitment and is reporting,0,0,0,0,0,0,0,1
2025-06,Malaysia,Lotus,HAPPY EGG VILLAGEGG 30S,insufficient information,FALSE,Has commitment and is reporting,0,0,0,0,0,0,0,1
2025-06,Malaysia,Lotus,CP HYGIENIC EGG 30 A,cage,FALSE,Has commitment and is reporting,0,0,0,0,0,0,1,0
2025-06,Malaysia,Lotus,QPLUS FARM FRESH EGGS 6S,insufficient information,FALSE,Has commitment and is reporting,0,0,0,0,0,0,0,1
2025-06,Malaysia,Lotus,CP HYGIENIC EGG 30 B,insufficient information,FALSE,Has commitment and is reporting,0,0,0,0,0,0,0,1
2025-06,Malaysia,Lotus,HLRB (EC) FRESH CHICKEN EGGS 30 EGGS A,insufficient information,FALSE,Has commitment and is reporting,0,0,0,0,0,0,0,1
2025-06,Malaysia,Lotus,LOTUSS FRESH CHICKEN EGGS 30S,insufficient information,FALSE,Has commitment and is reporting,0,0,0,0,0,0,0,1
2025-06,Malaysia,Lotus,HLRB (EC) FRESH CHCKEN EGGS 30 EGGS B,cage,FALSE,Has commitment and is reporting,0,0,0,0,0,0,1,0
2025-06,Malaysia,Lotus,LOTUSS FRESH CHICKEN EGGS 30S,insufficient information,FALSE,Has commitment and is reporting,0,0,0,0,0,0,0,1
2025-06,Malaysia,Lotus,HLRB (EC) FRESH CHICKEN EGGS 30 EGGS C,cage,FALSE,Has commitment and is reporting,0,0,0,0,0,0,1,0
2025-06,Malaysia,Lotus,LOTUSS FRESH CHICKEN EGGS 30S,insufficient information,FALSE,Has commitment and is reporting,0,0,0,0,0,0,0,1
2025-06,Malaysia,Village Grocer (The Food Purveyor),QL OMEGA 3 & DHA ENRICHED 10'S,insufficient information,FALSE,Has commitment but is not reporting,0,0,0,0,0,0,0,1
2025-06,Malaysia,Village Grocer (The Food Purveyor),NUTRIPLUS ORG SELENIUM MED 15'S,insufficient information,FALSE,Has commitment but is not reporting,0,0,0,0,0,0,0,1
2025-06,Malaysia,Village Grocer (The Food Purveyor),LK FRESH EGGS ALL NATURAL FARM FRESH 12S,free-range,FALSE,Has commitment but is not reporting,1,0,0,1,0,0,0,0
2025-06,Malaysia,Village Grocer (The Food Purveyor),NUTRIPLUS OMEGA 3 MED 15'S,insufficient information,FALSE,Has commitment but is not reporting,0,0,0,0,0,0,0,1
2025-06,Malaysia,Village Grocer (The Food Purveyor),NUTRI PLUS ORG SELENIUM L 10S,organic,FALSE,Has commitment but is not reporting,1,0,0,0,1,0,0,0
2025-06,Malaysia,Village Grocer (The Food Purveyor),NUTRI PLUS LOW CHOLESTEROL M 10'S,insufficient information,FALSE,Has commitment but is not reporting,0,0,0,0,0,0,0,1
2025-06,Malaysia,Village Grocer (The Food Purveyor),NUTRIPLUS CLASSIC EGGS M 15S,insufficient information,FALSE,Has commitment but is not reporting,0,0,0,0,0,0,0,1
2025-06,Malaysia,Village Grocer (The Food Purveyor),NUTRIPLUS LOW CHOLESTEROL MED 15'S,insufficient information,FALSE,Has commitment but is not reporting,0,0,0,0,0,0,0,1
2025-06,Malaysia,Village Grocer (The Food Purveyor),NUTRIPLUS TELUR KAMPUNG WITH OMEGA 3 10'S,cage-free not identified,FALSE,Has commitment but is not reporting,1,0,0,0,0,1,0,0
2025-06,Malaysia,Village Grocer (The Food Purveyor),SAFEGG PASTEURIZED SHELL EGGS 10'S,insufficient information,FALSE,Has commitment but is not reporting,0,0,0,0,0,0,0,1
2025-06,Malaysia,Village Grocer (The Food Purveyor),SAFEGG DHA PASTEURIZED SHELL EGGS 6'S,insufficient information,FALSE,Has commitment but is not reporting,0,0,0,0,0,0,0,1
2025-06,Malaysia,Village Grocer (The Food Purveyor),QL D'FRESH QUALITY 15'S LARGE,insufficient information,FALSE,Has commitment but is not reporting,0,0,0,0,0,0,0,1
2025-06,Malaysia,Village Grocer (The Food Purveyor),QL OMEGA 3 & DHA ENRICHED 15'S,insufficient information,FALSE,Has commitment but is not reporting,0,0,0,0,0,0,0,1
2025-06,Malaysia,Village Grocer (The Food Purveyor),QL D'FRESH L 10'S,insufficient information,FALSE,Has commitment but is not reporting,0,0,0,0,0,0,0,1
2025-06,Malaysia,Village Grocer (The Food Purveyor),NUTRI PLUS OMEGA 3 JUMBO EGGS 10'S,insufficient information,FALSE,Has commitment but is not reporting,0,0,0,0,0,0,0,1
2025-06,Malaysia,Village Grocer (The Food Purveyor),NUTRI PLUS OMEGA3 L 10S,insufficient information,FALSE,Has commitment but is not reporting,0,0,0,0,0,0,0,1
2025-06,Malaysia,Village Grocer (The Food Purveyor),NUTRIPLUS EGGS OMEGA 3 XL 10S,insufficient information,FALSE,Has commitment but is not reporting,0,0,0,0,0,0,0,1
2025-06,Malaysia,Village Grocer (The Food Purveyor),QL SAKURA 10'S,insufficient information,FALSE,Has commitment but is not reporting,0,0,0,0,0,0,0,1
2025-06,Malaysia,Village Grocer (The Food Purveyor),LKH QUAIL EGG 15S,insufficient information,FALSE,Has commitment but is not reporting,0,0,0,0,0,0,0,1
2025-06,Malaysia,Village Grocer (The Food Purveyor),LKH TELUR KAMPUNG SEGAR 10S,insufficient information,FALSE,Has commitment but is not reporting,0,0,0,0,0,0,0,1
2025-06,Malaysia,Village Grocer (The Food Purveyor),LKH TELUR KAMPUNG SEGAR 30S,insufficient information,FALSE,Has commitment but is not reporting,0,0,0,0,0,0,0,1
2025-06,Malaysia,Village Grocer (The Food Purveyor),LTK ORGANIC SELENIUM PLUS 10'S,organic,FALSE,Has commitment but is not reporting,1,0,0,0,1,0,0,0
2025-06,Malaysia,Village Grocer (The Food Purveyor),SA MACAO EGG 10S B,insufficient information,FALSE,Has commitment but is not reporting,0,0,0,0,0,0,0,1
2025-06,Malaysia,Village Grocer (The Food Purveyor),CSF QUAIL EGG 15S,insufficient information,FALSE,Has commitment but is not reporting,0,0,0,0,0,0,0,1
2025-06,Malaysia,Village Grocer (The Food Purveyor),SAVOIR CLASSIC EGG GRADE A 30'S,insufficient information,FALSE,Has commitment but is not reporting,0,0,0,0,0,0,0,1
2025-06,Malaysia,Village Grocer (The Food Purveyor),SAVOIR CLASSIC EGG GRADE B 30'S,insufficient information,FALSE,Has commitment but is not reporting,0,0,0,0,0,0,0,1
2025-06,Malaysia,Village Grocer (The Food Purveyor),SAVOIR CLASSIC EGG GRADE C 30'S,insufficient information,FALSE,Has commitment but is not reporting,0,0,0,0,0,0,0,1
2025-06,Malaysia,Village Grocer (The Food Purveyor),SAVOIR NATURAL SPRING RAISED CHICKEN EGGS 10S,free-range,FALSE,Has commitment but is not reporting,1,0,0,1,0,0,0,0
2025-06,Malaysia,Village Grocer (The Food Purveyor),SAVOIR OMEGA LUTEIN EGG 15S,cage-free not identified,FALSE,Has commitment but is not reporting,1,0,0,0,0,1,0,0
2025-06,Malaysia,Village Grocer (The Food Purveyor),SAVOIR KAMPUNG EGG 15S,insufficient information,FALSE,Has commitment but is not reporting,0,0,0,0,0,0,0,1
2025-06,Mexico,Chedraui,"Huevo San Juan Blanco 30 Piezas
30 Piezas
Agregar
$92.00",insufficient information,FALSE,Has no commitment and is not reporting,0,0,0,0,0,0,0,1
2025-06,Mexico,Chedraui,"Huevos Blancos Chedraui 30 Piezas
1 pieza con 30 ud
No disponible",insufficient information,FALSE,Has no commitment and is not reporting,0,0,0,0,0,0,0,1
2025-06,Mexico,Chedraui,"Huevo Blanco Bachoco 18 Piezas
18 Piezas
Agregar
$58.00
$61.00",insufficient information,FALSE,Has no commitment and is not reporting,0,0,0,0,0,0,0,1
2025-06,Mexico,Chedraui,"Huevo Blanco El Calvario 30 Piezas
1 pieza con 30 ud
Agregar
$89.00",insufficient information,FALSE,Has no commitment and is not reporting,0,0,0,0,0,0,0,1
2025-06,Mexico,Chedraui,"Huevo San Juan Blanco 12 Piezas
12 Piezas
Agregar
$41.00",insufficient information,FALSE,Has no commitment and is not reporting,0,0,0,0,0,0,0,1
2025-06,Mexico,Chedraui,"Huevo San Juan Blanco 18 Piezas
18 Piezas
Agregar
$60.00",insufficient information,FALSE,Has no commitment and is not reporting,0,0,0,0,0,0,0,1
2025-06,Mexico,Chedraui,"Clara Huevo Liquida Pasteurizada 1L
1 pieza de 1L
Agregar
$47.00",insufficient information,FALSE,Has no commitment and is not reporting,0,0,0,0,0,0,0,1
2025-06,Mexico,Chedraui,"Huevo Blanco Bachoco 30 piezas
1 pieza con 30 ud
Agregar
$98.00
$103.00",cage,FALSE,Has no commitment and is not reporting,0,0,0,0,0,0,1,0
2025-06,Mexico,Chedraui,"Huevo Blanco Bachoco 12 Piezas
12 Piezas
Agregar
$45.00",insufficient information,FALSE,Has no commitment and is not reporting,0,0,0,0,0,0,0,1
2025-06,Mexico,Chedraui,"Huevo Blanco El Calvario 12 Piezas
1 pieza con 12 ud
Agregar
$38.00",insufficient information,FALSE,Has no commitment and is not reporting,0,0,0,0,0,0,0,1
2025-06,Mexico,Chedraui,"Huevo Aires de Campo Blanco Orgánico 12 Piezas
1 pieza con 12 ud
Agregar
$75.00",organic,FALSE,Has no commitment and is not reporting,1,0,0,0,1,0,0,0
2025-06,Mexico,Chedraui,"Huevo Blanco El Calvario 18 Piezas
1 pieza con 18 ud
Agregar
$55.00",insufficient information,FALSE,Has no commitment and is not reporting,0,0,0,0,0,0,0,1
2025-06,Mexico,Chedraui,"Huevo Gallinita Libre Rojo Libre Pastoreo 12 Piezas
1 pieza con 12 ud
Agregar
$49.00",free-range,FALSE,Has no commitment and is not reporting,1,0,0,1,0,0,0,0
2025-06,Mexico,Chedraui,"Clara Huevo Liquida Pasteurizada 500g
1 pieza de 500g
Agregar
$26.50",insufficient information,FALSE,Has no commitment and is not reporting,0,0,0,0,0,0,0,1
2025-06,Mexico,Chedraui,"Huevo Crio Blanco Emplayado 30 Piezas
30 Piezas
No disponible",insufficient information,FALSE,Has no commitment and is not reporting,0,0,0,0,0,0,0,1
2025-06,Mexico,Chedraui,"Huevo Crio Blanco 18 Piezas
18 Piezas
No disponible",insufficient information,FALSE,Has no commitment and is not reporting,0,0,0,0,0,0,0,1
2025-06,Mexico,Chedraui,"Huevos Blancos Tehuacán 30 Piezas
1 pieza con 30 ud
Agregar
$92.00
$99.00",insufficient information,FALSE,Has no commitment and is not reporting,0,0,0,0,0,0,0,1
2025-06,Mexico,Chedraui,"Huevo Aires de Campo Rojo Orgánico 12 Piezas
1 pieza con 12 ud
Agregar
$85.00",organic,FALSE,Has no commitment and is not reporting,1,0,0,0,1,0,0,0
2025-06,Mexico,Chedraui,"Huevo Blanco 30 Piezas
1 pieza con 30 ud
Agregar
$84.00",insufficient information,FALSE,Has no commitment and is not reporting,0,0,0,0,0,0,0,1
2025-06,Mexico,Chedraui,"Huevo Kaki Blanco 30 Piezas
30 Piezas
No disponible",insufficient information,FALSE,Has no commitment and is not reporting,0,0,0,0,0,0,0,1
2025-06,Mexico,Chedraui,"Huevo Gallinita Blanco Libre Pastoreo 12 Piezas
1 pieza con 12 ud
No disponible",free-range,FALSE,Has no commitment and is not reporting,1,0,0,1,0,0,0,0
2025-06,Mexico,Chedraui,"Huevo Crio Blanco 12 Piezas
12 Piezas
No disponible",insufficient information,FALSE,Has no commitment and is not reporting,0,0,0,0,0,0,0,1
2025-06,Mexico,Chedraui,"Huevos Blancos Campo Vivo Orgánicos 12 Piezas
1 pieza con 12 ud
Agregar
$84.00",organic,FALSE,Has no commitment and is not reporting,1,0,0,0,1,0,0,0
2025-06,Mexico,Chedraui,"Huevo Kaki Blanco 12 Piezas
12 Piezas
No disponible",insufficient information,FALSE,Has no commitment and is not reporting,0,0,0,0,0,0,0,1
2025-06,Mexico,Chedraui,"Huevos Blancos Tehuacán 18 Piezas
1 pieza con 18 ud
No disponible",insufficient information,FALSE,Has no commitment and is not reporting,0,0,0,0,0,0,0,1
2025-06,Mexico,Chedraui,"Huevos Blancos Tehuacán 12 Piezas
1 pieza con 12 ud
No disponible",insufficient information,FALSE,Has no commitment and is not reporting,0,0,0,0,0,0,0,1
2025-06,Mexico,Chedraui,"Huevo Fresco de Libre Pastoreo Nutri Campo 12 Piezas
1 pieza con 12 ud
Agregar
$81.00",free-range,FALSE,Has no commitment and is not reporting,1,0,0,1,0,0,0,0
2025-06,Mexico,Chedraui,"Huevo Cresta Libre Blanco Orgánico 12 Piezas
1 pieza con 12 ud
Agregar
$78.50",organic,FALSE,Has no commitment and is not reporting,1,0,0,0,1,0,0,0
2025-06,Mexico,Chedraui,"Huevo Blanco Orgánico Mándala Orgánica 12 Piezas
12 pz
No disponible",organic,FALSE,Has no commitment and is not reporting,1,0,0,0,1,0,0,0
2025-06,Mexico,Chedraui,"Huevo Mi Tierra Libre de Pastore Rojo 18 Piezas
1 pieza con 18 ud
Agregar
$105.00",free-range,FALSE,Has no commitment and is not reporting,1,0,0,1,0,0,0,0
2025-06,Mexico,Chedraui,"Huevos Blancos Campo Vivo Orgánicos 6 Piezas
1 pieza con 6 ud
No disponible",organic,FALSE,Has no commitment and is not reporting,1,0,0,0,1,0,0,0
2025-06,Mexico,Chedraui,"Huevo Campo Vivo Rojo Orgánico 12 Piezas
1 pieza con 12 ud
Agregar
$87.00",organic,FALSE,Has no commitment and is not reporting,1,0,0,0,1,0,0,0
2025-06,Mexico,Chedraui,"Huevo Calvario Jumbo Blanco 20 pz
Agregar
$75.50",insufficient information,FALSE,Has no commitment and is not reporting,0,0,0,0,0,0,0,1
2025-06,Mexico,Chedraui,"Huevo Fresco de Libre Pastoreo Nutri Campo 6 Piezas
1 pieza con 6 ud
Agregar
$38.00",free-range,FALSE,Has no commitment and is not reporting,1,0,0,1,0,0,0,0
2025-06,Mexico,Chedraui,"Huevo Mi Tierra Libre de Jaula Rojo 12 Piezas
1 pieza con 12 ud
Agregar
$70.00",cage-free not identified,FALSE,Has no commitment and is not reporting,1,0,0,0,0,1,0,0
2025-06,Mexico,Chedraui,"Huevo Crio Libre de Jaula 12 Piezas
1 pieza con 12 ud
No disponible",cage-free not identified,FALSE,Has no commitment and is not reporting,1,0,0,0,0,1,0,0
2025-06,Mexico,Chedraui,"Huevo Cresta Libre Blanco Libre Pastoreo 12 Piezas
1 pieza con 12 ud
Agregar
$66.00",free-range,FALSE,Has no commitment and is not reporting,1,0,0,1,0,0,0,0
2025-06,Mexico,Chedraui,"Huevo Blanco Dorado Bachoco 30 piezas
30 Piezas
No disponible",insufficient information,FALSE,Has no commitment and is not reporting,0,0,0,0,0,0,0,1
2025-06,Mexico,Chedraui,"Huevo Rojo Libre de Pastoreo de Rancho 12 Piezas
1 pieza con 12 ud
Agregar
$78.00",cage-free not identified,FALSE,Has no commitment and is not reporting,1,0,0,0,0,1,0,0
2025-06,Mexico,Chedraui,"Huevo Mi Tierra Libre de Jaula Rojo 6 Piezas
1 pieza con 6 ud
Agregar
$37.50",cage-free not identified,FALSE,Has no commitment and is not reporting,1,0,0,0,0,1,0,0
2025-06,Mexico,Chedraui,"Huevo Kaki Blanco 9 Piezas
9 Piezas
No disponible",insufficient information,FALSE,Has no commitment and is not reporting,0,0,0,0,0,0,0,1
2025-06,Mexico,Chedraui,"Huevo Nutri Campo Rojo 12 Piezas
1 pieza con 12 ud
Agregar
$82.50",insufficient information,FALSE,Has no commitment and is not reporting,0,0,0,0,0,0,0,1
2025-06,Mexico,Chedraui,"Huevo Blanco Sabrohuevo 12 Piezas
1 pieza con 12 ud
No disponible",insufficient information,FALSE,Has no commitment and is not reporting,0,0,0,0,0,0,0,1
2025-06,Mexico,Chedraui,"Huevo Blanco Sabro Pollo 30 Piezas
1 pieza con 30 ud
No disponible",insufficient information,FALSE,Has no commitment and is not reporting,0,0,0,0,0,0,0,1
2025-06,Mexico,Chedraui,"Huevo Blanco Kaki 18 Piezas
No disponible",insufficient information,FALSE,Has no commitment and is not reporting,0,0,0,0,0,0,0,1
2025-06,Mexico,Chedraui,"Huevo Bachoco Blanco Gallina Libre con 12 Piezas
12 Piezas
Agregar
$55.00",free-range,FALSE,Has no commitment and is not reporting,1,0,0,1,0,0,0,0
2025-06,Mexico,Chedraui,"Huevo Blanco Fresco de Libre Pastoreo Nutri Campo 18 Piezas
No disponible",free-range,FALSE,Has no commitment and is not reporting,1,0,0,1,0,0,0,0
2025-06,Mexico,Chedraui,"Huevo Crio Blanco 15 Piezas
15 Piezas
No disponible",insufficient information,FALSE,Has no commitment and is not reporting,0,0,0,0,0,0,0,1
2025-06,Mexico,Chedraui,"Huevo Rojo Libre Pastoreo Chicueta 12 piezas
1 pieza con 12 ud
No disponible",free-range,FALSE,Has no commitment and is not reporting,1,0,0,1,0,0,0,0
2025-06,Mexico,Chedraui,"Huevo Rojo Del Rancho 30 Piezas
1 pieza con 30 ud
Agregar
$190.00",insufficient information,FALSE,Has no commitment and is not reporting,0,0,0,0,0,0,0,1
2025-06,Mexico,Chedraui,"Huevo Mi Tierra Libre de Pastoreo Blanco 18 Piezas
1 pieza con 18 ud
Agregar
$105.00",free-range,FALSE,Has no commitment and is not reporting,1,0,0,1,0,0,0,0
2025-06,Mexico,Chedraui,"Huevo Mi Tierra Libre de Jaula Blanco 6 Piezas
1 pieza con 6 ud
Agregar
$37.50",cage-free not identified,FALSE,Has no commitment and is not reporting,1,0,0,0,0,1,0,0
2025-06,Mexico,Chedraui,"Huevo de Rancho Orgánico Rojo 12 Piezas
1 pieza con 12 ud
No disponible",organic,FALSE,Has no commitment and is not reporting,1,0,0,0,1,0,0,0
2025-06,Mexico,Chedraui,"Huevo Blanco Libre Pastoreo Chicueta 12 Piezas
1 pieza con 12 ud
No disponible",free-range,FALSE,Has no commitment and is not reporting,1,0,0,1,0,0,0,0
2025-06,Mexico,Chedraui,"Huevo Blanco Chedraui 30 Piezas
30 pz
No disponible",insufficient information,FALSE,Has no commitment and is not reporting,0,0,0,0,0,0,0,1
2025-06,Mexico,Chedraui,"Huevo Crio Jumbo Blanco 20 Piezas
No disponible",insufficient information,FALSE,Has no commitment and is not reporting,0,0,0,0,0,0,0,1
2025-06,Mexico,Chedraui,"Huevo Blanco Libre de Pastoreo de Rancho 12 Piezas
12 Piezas
No disponible",cage-free not identified,FALSE,Has no commitment and is not reporting,1,0,0,0,0,1,0,0
2025-06,Mexico,Chedraui,"Huevo Khalbes de Rancho Rojo 18 Piezas
1 pieza con 18 ud
No disponible",cage-free not identified,FALSE,Has no commitment and is not reporting,1,0,0,0,0,1,0,0
2025-06,Mexico,Chedraui,"Huevo de Codorniz Doña Pris con 24 Piezas
1 pieza con 24 ud
Agregar
$70.00",insufficient information,FALSE,Has no commitment and is not reporting,0,0,0,0,0,0,0,1
2025-06,Mexico,Chedraui,"Huevo Blanco Henne Libre de Jaula 30 piezas
1 pieza con 30 ud
No disponible",cage-free not identified,FALSE,Has no commitment and is not reporting,1,0,0,0,0,1,0,0
2025-06,Mexico,Chedraui,"Huevo Mi Tierra Libre de Jaula Blanco 12 Piezas
1 pieza con 12 ud
Agregar
$70.00",cage-free not identified,FALSE,Has no commitment and is not reporting,1,0,0,0,0,1,0,0
2025-06,Mexico,Chedraui,"Huevo Blanco Sabrohuevo 18 Piezas
1 pieza con 18 ud
No disponible",insufficient information,FALSE,Has no commitment and is not reporting,0,0,0,0,0,0,0,1
2025-06,Mexico,Chedraui,"Huevo Blanco Del Rancho 30 Piezas
1 pieza con 30 ud
No disponible",insufficient information,FALSE,Has no commitment and is not reporting,0,0,0,0,0,0,0,1
2025-06,Mexico,Chedraui,"Huevo Blanco Henne Libre de Jaula 12 Piezas
1 pieza con 12 ud
No disponible",cage-free not identified,FALSE,Has no commitment and is not reporting,1,0,0,0,0,1,0,0
2025-06,Mexico,Chedraui,"Huevo Khalbes de Rancho Rojo 12 Piezas
12 piezas
No disponible",insufficient information,FALSE,Has no commitment and is not reporting,0,0,0,0,0,0,0,1
2025-06,Mexico,Chedraui,"Huevo Libre Pastoreo Rojo 18 piezas
1 pieza con 18 ud
No disponible",free-range,FALSE,Has no commitment and is not reporting,1,0,0,1,0,0,0,0
2025-06,Mexico,Chedraui,"Huevo de Gallina Libre Pastoreo Rojo 12 Piezas
1 pieza con 12 ud
No disponible",free-range,FALSE,Has no commitment and is not reporting,1,0,0,1,0,0,0,0
2025-06,Mexico,Chedraui,"Huevo de Gallina Blanco con 12 Piezas
1 pieza con 12 ud
No disponible",insufficient information,FALSE,Has no commitment and is not reporting,0,0,0,0,0,0,0,1
2025-06,Mexico,Chedraui,"Huevo Puro Pastoreo Libre de Pastoreo RV 12 Piezas
No disponible",free-range,FALSE,Has no commitment and is not reporting,1,0,0,1,0,0,0,0
2025-06,Mexico,Chedraui,"Huevo Khalbes de Rancho Rojo 6 Piezas
6 pz
No disponible",insufficient information,FALSE,Has no commitment and is not reporting,0,0,0,0,0,0,0,1
2025-06,Mexico,Chedraui,"Huevo de Gallina Rojo Doña Pris 12 Piezas
1 pieza con 12 ud
No disponible",insufficient information,FALSE,Has no commitment and is not reporting,0,0,0,0,0,0,0,1
2025-06,Mexico,Chedraui,"Huevo Blanco sin Playo 30 Piezas
No disponible",insufficient information,FALSE,Has no commitment and is not reporting,0,0,0,0,0,0,0,1
2025-06,Mexico,Chedraui,"Huevo Blanco Gena 30 Piezas Carton 1.620 kg
30 Piezas
No disponible",insufficient information,FALSE,Has no commitment and is not reporting,0,0,0,0,0,0,0,1
2025-06,Mexico,Chedraui,"Huevo Blanco sin Playo 30 Piezas
No disponible",insufficient information,FALSE,Has no commitment and is not reporting,0,0,0,0,0,0,0,1
2025-06,Mexico,HEB,Huevo Blanco Mediano con 30 pz,insufficient information,FALSE,Has no commitment and is not reporting,0,0,0,0,0,0,0,1
2025-06,Mexico,HEB,Huevo Blanco Mediano 12 Pz,insufficient information,FALSE,Has no commitment and is not reporting,0,0,0,0,0,0,0,1
2025-06,Mexico,HEB,HCF Huevo Blanco Jumbo con Vitamina E 30 pz Huevo Blanco Jumbo con Vitamina E 30 Pz,insufficient information,FALSE,Has no commitment and is not reporting,0,0,0,0,0,0,0,1
2025-06,Mexico,HEB,HCF Huevo Blanco Jumbo 18 pz Huevo Blanco Jumbo 18 Pz,insufficient information,FALSE,Has no commitment and is not reporting,0,0,0,0,0,0,0,1
2025-06,Mexico,HEB,Huevo Blanco San Juan 30 piezas Huevo Blanco 30 Pz,insufficient information,FALSE,Has no commitment and is not reporting,0,0,0,0,0,0,0,1
2025-06,Mexico,HEB,Huevo Blanco Mediano 18 Pz,insufficient information,FALSE,Has no commitment and is not reporting,0,0,0,0,0,0,0,1
2025-06,Mexico,HEB,Clara de Huevo Líquida 1 kg Clara de Huevo Líquida 1 Kg,insufficient information,FALSE,Has no commitment and is not reporting,0,0,0,0,0,0,0,1
2025-06,Mexico,HEB,Huevo Blanco 30 Pz,insufficient information,FALSE,Has no commitment and is not reporting,0,0,0,0,0,0,0,1
2025-06,Mexico,HEB,Huevo Mediano 30 Pz,insufficient information,FALSE,Has no commitment and is not reporting,0,0,0,0,0,0,0,1
2025-06,Mexico,HEB,Huevo Blanco Mediano con 30 pz,insufficient information,FALSE,Has no commitment and is not reporting,0,0,0,0,0,0,0,1
2025-06,Mexico,HEB,Huevo Blanco Mediano 18 Pz 18 Pz,insufficient information,FALSE,Has no commitment and is not reporting,0,0,0,0,0,0,0,1
2025-06,Mexico,HEB,Huevo Blanco Grande 18 Pz 18 Pz,insufficient information,FALSE,Has no commitment and is not reporting,0,0,0,0,0,0,0,1
2025-06,Mexico,HEB,Huevo Blanco Mediano 12 Pz 12 Pz,insufficient information,FALSE,Has no commitment and is not reporting,0,0,0,0,0,0,0,1
2025-06,Mexico,HEB,Huevo Blanco 6 Pz,insufficient information,FALSE,Has no commitment and is not reporting,0,0,0,0,0,0,0,1
2025-06,Mexico,HEB,Huevo Blanco 12 Pz,insufficient information,FALSE,Has no commitment and is not reporting,0,0,0,0,0,0,0,1
2025-06,Mexico,HEB,Huevo Blanco 30 Pz,insufficient information,FALSE,Has no commitment and is not reporting,0,0,0,0,0,0,0,1
2025-06,Mexico,HEB,Huevo Blanco Jumbo 30 Pz 30 Pz,insufficient information,FALSE,Has no commitment and is not reporting,0,0,0,0,0,0,0,1
2025-06,Mexico,HEB,Huevo de Codorniz 12 Pz,insufficient information,FALSE,Has no commitment and is not reporting,0,0,0,0,0,0,0,1
2025-06,Mexico,HEB,Huevo Enriquecido C/ Omega 3 12 Pz,insufficient information,FALSE,Has no commitment and is not reporting,0,0,0,0,0,0,0,1
2025-06,Mexico,HEB,HCF Huevo Rojo Grande 18 pz Huevo Rojo Grande 18 Pz,insufficient information,FALSE,Has no commitment and is not reporting,0,0,0,0,0,0,0,1
2025-06,Mexico,HEB,Huevo Rojo Libre Pastoreo 12 Pz,free-range,FALSE,Has no commitment and is not reporting,1,0,0,1,0,0,0,0
2025-06,Mexico,HEB,Huevo Vegetariano 12 Pz,insufficient information,FALSE,Has no commitment and is not reporting,0,0,0,0,0,0,0,1
2025-06,Mexico,HEB,Huevo Rojo Libre de Jaula 12 Pz,cage-free not identified,FALSE,Has no commitment and is not reporting,1,0,0,0,0,1,0,0
2025-06,Mexico,HEB,Huevo Blanco Mediano 30 Pz,insufficient information,FALSE,Has no commitment and is not reporting,0,0,0,0,0,0,0,1
2025-06,Mexico,HEB,Huevo Blanco 30 Pz,insufficient information,FALSE,Has no commitment and is not reporting,0,0,0,0,0,0,0,1
2025-06,Mexico,HEB,HEB Clara de Huevo Líquida Pasteurizada 500 g,insufficient information,FALSE,Has no commitment and is not reporting,0,0,0,0,0,0,0,1
2025-06,Mexico,HEB,Huevo Blanco Grande Grado a 6 Pz,insufficient information,FALSE,Has no commitment and is not reporting,0,0,0,0,0,0,0,1
2025-06,Mexico,HEB,Huevo Blanco 18 Pz,insufficient information,FALSE,Has no commitment and is not reporting,0,0,0,0,0,0,0,1
2025-06,Mexico,HEB,Huevo Blanco 12 pz,insufficient information,FALSE,Has no commitment and is not reporting,0,0,0,0,0,0,0,1
2025-06,Mexico,HEB,Huevo Blanco 30 Pz,insufficient information,FALSE,Has no commitment and is not reporting,0,0,0,0,0,0,0,1
2025-06,Mexico,HEB,Huevo Rojo Organico 12 Pz,organic,FALSE,Has no commitment and is not reporting,1,0,0,0,1,0,0,0
2025-06,Mexico,HEB,Huevo Blanco Organico 12 Pz,organic,FALSE,Has no commitment and is not reporting,1,0,0,0,1,0,0,0
2025-06,Mexico,HEB,Huevo Rojo Libre de Jaula 12 Pz,cage-free not identified,FALSE,Has no commitment and is not reporting,1,0,0,0,0,1,0,0
2025-06,Mexico,HEB,Huevo Rojo Libre Pastoreo 12 Pz,free-range,FALSE,Has no commitment and is not reporting,1,0,0,1,0,0,0,0
2025-06,Mexico,HEB,Huevo Blanco Libre de Jaula 12 Pz,cage-free not identified,FALSE,Has no commitment and is not reporting,1,0,0,0,0,1,0,0
2025-06,Mexico,HEB,Huevo Rojo Libre Pastoreo 12 pz Huevo Rojo Libre Pastoreo 12 Pz,free-range,FALSE,Has no commitment and is not reporting,1,0,0,1,0,0,0,0
2025-06,Mexico,HEB,HCF Huevo Blanco Jumbo 6 pz Huevo Blanco Jumbo 6 Pz,insufficient information,FALSE,Has no commitment and is not reporting,0,0,0,0,0,0,0,1
2025-06,Mexico,HEB,Huevo Refrigerado Rojo Libre de Jaula 12 Pz,cage-free not identified,FALSE,Has no commitment and is not reporting,1,0,0,0,0,1,0,0
2025-06,Mexico,HEB,Huevo Rojo 30 Pz,insufficient information,FALSE,Has no commitment and is not reporting,0,0,0,0,0,0,0,1
2025-06,Mexico,HEB,Huevo Rojo 12 Pz,insufficient information,FALSE,Has no commitment and is not reporting,0,0,0,0,0,0,0,1
2025-06,Mexico,HEB,Huevo Libre Pastoreo 12 Pz,free-range,FALSE,Has no commitment and is not reporting,1,0,0,1,0,0,0,0
2025-06,Mexico,HEB,Huevo Vegetariano 12 Pz,insufficient information,FALSE,Has no commitment and is not reporting,0,0,0,0,0,0,0,1
2025-06,Mexico,HEB,Clara de Huevo Líquida Pasteurizada 1 Kg,insufficient information,FALSE,Has no commitment and is not reporting,0,0,0,0,0,0,0,1
2025-06,Mexico,HEB,Huevo Blanco 30 Pz,insufficient information,FALSE,Has no commitment and is not reporting,0,0,0,0,0,0,0,1
2025-06,Mexico,HEB,Huevo Blanco 18 Pz,insufficient information,FALSE,Has no commitment and is not reporting,0,0,0,0,0,0,0,1
2025-06,Mexico,HEB,Huevo Blanco 12 Pz,insufficient information,FALSE,Has no commitment and is not reporting,0,0,0,0,0,0,0,1
2025-06,Mexico,HEB,Huevo Blanco 12 Pz,insufficient information,FALSE,Has no commitment and is not reporting,0,0,0,0,0,0,0,1
2025-06,Mexico,HEB,Huevo Blanco 18 Pz,insufficient information,FALSE,Has no commitment and is not reporting,0,0,0,0,0,0,0,1
2025-06,Mexico,HEB,Huevo Rojo Grande Vegetariano 12 Pz,insufficient information,FALSE,Has no commitment and is not reporting,0,0,0,0,0,0,0,1
2025-06,Mexico,HEB,Clara de Huevo Líquida Pasteurizada 500 Gr,insufficient information,FALSE,Has no commitment and is not reporting,0,0,0,0,0,0,0,1
2025-06,Mexico,HEB,HCF Huevo Blanco Grande Refrigerado 12 pz Huevo Blanco Grande Refrigerado 12 Pz,insufficient information,FALSE,Has no commitment and is not reporting,0,0,0,0,0,0,0,1
2025-06,Mexico,HEB,Huevo Blanco Jumbo 24 Pz,insufficient information,FALSE,Has no commitment and is not reporting,0,0,0,0,0,0,0,1
2025-06,Mexico,HEB,Huevo Blanco 6 pz Huevo Blanco 6 Pz,insufficient information,FALSE,Has no commitment and is not reporting,0,0,0,0,0,0,0,1
2025-06,Mexico,HEB,Huevo Blanco Libre de Jaula 12 Pz,cage-free not identified,FALSE,Has no commitment and is not reporting,1,0,0,0,0,1,0,0
2025-06,Mexico,HEB,HCF Huevo Blanco Jumbo 12 pz Huevo Blanco Jumbo 12 Pz,insufficient information,FALSE,Has no commitment and is not reporting,0,0,0,0,0,0,0,1
2025-06,Mexico,HEB,HCF Huevo Rojo Jumbo con 18 pz,insufficient information,FALSE,Has no commitment and is not reporting,0,0,0,0,0,0,0,1
2025-06,Mexico,HEB,Huevo Blanco 18 Pz,insufficient information,FALSE,Has no commitment and is not reporting,0,0,0,0,0,0,0,1
2025-06,Mexico,HEB,Huevo Rojo 18 Pz,insufficient information,FALSE,Has no commitment and is not reporting,0,0,0,0,0,0,0,1
2025-06,Mexico,La Comer,"Huevo Blanco Organico
Aires De Campo

12 pza",organic,FALSE,Has commitment and is reporting,1,0,0,0,1,0,0,0
2025-06,Mexico,La Comer,"Huevo Rojo Organico
Murlota

12 pza",organic,FALSE,Has commitment and is reporting,1,0,0,0,1,0,0,0
2025-06,Mexico,La Comer,"Huevo Rojo Organico
Aires De Campo

12 pza",organic,FALSE,Has commitment and is reporting,1,0,0,0,1,0,0,0
2025-06,Mexico,La Comer,"Huevo De Colores Organico
Murlota

12 pza",organic,FALSE,Has commitment and is reporting,1,0,0,0,1,0,0,0
2025-06,Mexico,La Comer,"Huevo Blanco Organico
Campo Vivo

6 pza",organic,FALSE,Has commitment and is reporting,1,0,0,0,1,0,0,0
2025-06,Mexico,La Comer,"Huevo Rojo Organico
Murlota

6 pza",organic,FALSE,Has commitment and is reporting,1,0,0,0,1,0,0,0
2025-06,Mexico,La Comer,"Huevo De Colores Organico
Murlota

6 pza",organic,FALSE,Has commitment and is reporting,1,0,0,0,1,0,0,0
2025-06,Mexico,La Comer,"Huevo Organico Blanco Mandala


12 pza",organic,FALSE,Has commitment and is reporting,1,0,0,0,1,0,0,0
2025-06,Mexico,La Comer,"Huevo Blanco Orgánico


12 pza",organic,FALSE,Has commitment and is reporting,1,0,0,0,1,0,0,0
2025-06,Mexico,La Comer,"Huevo Blanco De Libre Pastoreo


12 pza",free-range,FALSE,Has commitment and is reporting,1,0,0,1,0,0,0,0
2025-06,Mexico,La Comer,"Huevo Rojo Libre Pastoreo
Nutri Granja

12 pza",free-range,FALSE,Has commitment and is reporting,1,0,0,1,0,0,0,0
2025-06,Mexico,La Comer,"Huevo Blanco Libre Pastoreo
Nutri Granja

12 pza",free-range,FALSE,Has commitment and is reporting,1,0,0,1,0,0,0,0
2025-06,Mexico,La Comer,"Huevo Blanco Libre Pastoreo
Bachoco

12 pza",free-range,FALSE,Has commitment and is reporting,1,0,0,1,0,0,0,0
2025-06,Mexico,La Comer,"Huevo Blanco Libre Pastoreo
Nutri Granja

6 pza",free-range,FALSE,Has commitment and is reporting,1,0,0,1,0,0,0,0
2025-06,Mexico,La Comer,"Huevo Blanco
Bachoco

18 pza",insufficient information,FALSE,Has commitment and is reporting,0,0,0,0,0,0,0,1
2025-06,Mexico,La Comer,"Huevo Blanco
San Juan

12 pza",insufficient information,FALSE,Has commitment and is reporting,0,0,0,0,0,0,0,1
2025-06,Mexico,La Comer,"Huevo Blanco
Bachoco

30 pza",insufficient information,FALSE,Has commitment and is reporting,0,0,0,0,0,0,0,1
2025-06,Mexico,La Comer,"Huevo Blanco
Bachoco

12 pza",insufficient information,FALSE,Has commitment and is reporting,0,0,0,0,0,0,0,1
2025-06,Mexico,La Comer,"Huevo Blanco
El Dorado

30 pza",insufficient information,FALSE,Has commitment and is reporting,0,0,0,0,0,0,0,1
2025-06,Mexico,La Comer,"Huevo Blanco
Avicola Tehuacan

18 pza",insufficient information,FALSE,Has commitment and is reporting,0,0,0,0,0,0,0,1
2025-06,Mexico,La Comer,"Huevo Blanco
Avicola Tehuacan

12 pza",insufficient information,FALSE,Has commitment and is reporting,0,0,0,0,0,0,0,1
2025-06,Mexico,La Comer,"Huevo Blanco
Avicola Tehuacan

30 pza",insufficient information,FALSE,Has commitment and is reporting,0,0,0,0,0,0,0,1
2025-06,Mexico,La Comer,"Huevo Blanco
Gena

30 pza",insufficient information,FALSE,Has commitment and is reporting,0,0,0,0,0,0,0,1
2025-06,Mexico,La Comer,"Huevo De Nido Tehuacan 12 Pza


1 pza",insufficient information,FALSE,Has commitment and is reporting,0,0,0,0,0,0,0,1
2025-06,Mexico,La Comer,"Huevo Blanco
Gena

18 pza",insufficient information,FALSE,Has commitment and is reporting,0,0,0,0,0,0,0,1
2025-06,Mexico,La Comer,"Huevo Rojo
Bachoco

18 pza",insufficient information,FALSE,Has commitment and is reporting,0,0,0,0,0,0,0,1
2025-06,Mexico,La Comer,"Huevo Rojo
Bachoco

12 pza",insufficient information,FALSE,Has commitment and is reporting,0,0,0,0,0,0,0,1
2025-06,Mexico,La Comer,"Huevo Rojo
Bachoco

30 pza",insufficient information,FALSE,Has commitment and is reporting,0,0,0,0,0,0,0,1
2025-06,Mexico,La Comer,"Huevo De Colores Campero


12 pza",free-range,FALSE,Has commitment and is reporting,1,0,0,1,0,0,0,0
2025-06,Mexico,Soriana,Huevo Blanco San Juan 12 Piezas,insufficient information,FALSE,Has no commitment and is not reporting,0,0,0,0,0,0,0,1
2025-06,Mexico,Soriana,Huevo Blanco Bachoco 12 Piezas,cage,FALSE,Has no commitment and is not reporting,0,0,0,0,0,0,1,0
2025-06,Mexico,Soriana,Huevo Blanco Calvario 12 piezas,insufficient information,FALSE,Has no commitment and is not reporting,0,0,0,0,0,0,0,1
2025-06,Mexico,Soriana,Huevo Blanco San Juan 30 Piezas,insufficient information,FALSE,Has no commitment and is not reporting,0,0,0,0,0,0,0,1
2025-06,Mexico,Soriana,Huevo Blanco Bachoco 30 Piezas,cage,FALSE,Has no commitment and is not reporting,0,0,0,0,0,0,1,0
2025-06,Mexico,Soriana,Huevo Blanco Bachoco 18 Piezas,insufficient information,FALSE,Has no commitment and is not reporting,0,0,0,0,0,0,0,1
2025-06,Mexico,Soriana,Huevo Blanco Precíssimo 30 Piezas,insufficient information,FALSE,Has no commitment and is not reporting,0,0,0,0,0,0,0,1
2025-06,Mexico,Soriana,Huevo Blanco San Juan 18 Piezas,insufficient information,FALSE,Has no commitment and is not reporting,0,0,0,0,0,0,0,1
2025-06,Mexico,Soriana,Huevo Blanco Calvario 30 piezas,insufficient information,FALSE,Has no commitment and is not reporting,0,0,0,0,0,0,0,1
2025-06,Mexico,Soriana,Huevo blanco dorado Bachoco 30 piezas,insufficient information,FALSE,Has no commitment and is not reporting,0,0,0,0,0,0,0,1
2025-06,Mexico,Soriana,Huevo Blanco Calvario 18 piezas,insufficient information,FALSE,Has no commitment and is not reporting,0,0,0,0,0,0,0,1
2025-06,Mexico,Soriana,Huevo Blanco Gena 30 piezas,insufficient information,FALSE,Has no commitment and is not reporting,0,0,0,0,0,0,0,1
2025-06,Mexico,Soriana,Huevos Blanco Bachoco Gallina Libre 12 pz,free-range,FALSE,Has no commitment and is not reporting,1,0,0,1,0,0,0,0
2025-06,Mexico,Soriana,Huevo Blanco Precíssimo 12 Piezas,insufficient information,FALSE,Has no commitment and is not reporting,0,0,0,0,0,0,0,1
2025-06,Mexico,Soriana,Huevo Blanco Gena 18 Piezas,insufficient information,FALSE,Has no commitment and is not reporting,0,0,0,0,0,0,0,1
2025-06,Mexico,Soriana,Huevo de Codorniz San Andrés 24 piezas,insufficient information,FALSE,Has no commitment and is not reporting,0,0,0,0,0,0,0,1
2025-06,Mexico,Soriana,Huevo Blanco de Libre Pastoreo 12 piezas,free-range,FALSE,Has no commitment and is not reporting,1,0,0,1,0,0,0,0
2025-06,Mexico,Soriana,Huevo Blanco Gena 12 piezas,insufficient information,FALSE,Has no commitment and is not reporting,0,0,0,0,0,0,0,1
2025-06,Mexico,Soriana,Huevo Bco Libre Pastoreo Valley F 12 Piezas,free-range,FALSE,Has no commitment and is not reporting,1,0,0,1,0,0,0,0
2025-06,Mexico,Soriana,Huevo Real Blanco Libre Pastoreo 12 Pzs,free-range,FALSE,Has no commitment and is not reporting,1,0,0,1,0,0,0,0
2025-06,Mexico,Soriana,Huevo Blanco Gena 30 piezas,insufficient information,FALSE,Has no commitment and is not reporting,0,0,0,0,0,0,0,1
2025-06,Mexico,Soriana,Huevo Blanco Libre de Pastoreo Valley Foods Fresh 12 Piezas,free-range,FALSE,Has no commitment and is not reporting,1,0,0,1,0,0,0,0
2025-06,Mexico,Soriana,Huevo rojo Bachoco 18 piezas,cage,FALSE,Has no commitment and is not reporting,0,0,0,0,0,0,1,0
2025-06,Mexico,Soriana,Huevo Rojo Bachoco 12 Piezas,cage,FALSE,Has no commitment and is not reporting,0,0,0,0,0,0,1,0
2025-06,Mexico,Soriana,Huevo Rojo Libre de Pastoreo Valley Foods Fresh 12 Piezas,cage-free not identified,FALSE,Has no commitment and is not reporting,1,0,0,0,0,1,0,0
2025-06,Mexico,Soriana,Huevo Rojo Bachoco 30 Piezas,insufficient information,FALSE,Has no commitment and is not reporting,0,0,0,0,0,0,0,1
2025-06,Mexico,Soriana,Huevo Rojo San Andrés de Rancho 12 Piezas,insufficient information,FALSE,Has no commitment and is not reporting,0,0,0,0,0,0,0,1
2025-06,Mexico,Walmart,Huevo blanco San Juan 30 pzas,insufficient information,FALSE,Has no commitment and is not reporting,0,0,0,0,0,0,0,1
2025-06,Mexico,Walmart,Huevo blanco Bachoco fresco 30 pzas,insufficient information,FALSE,Has no commitment and is not reporting,0,0,0,0,0,0,0,1
2025-06,Mexico,Walmart,Huevo blanco Bachoco fresco 18 pzas,insufficient information,FALSE,Has no commitment and is not reporting,0,0,0,0,0,0,0,1
2025-06,Mexico,Walmart,Huevo blanco San Juan 12 pzas,insufficient information,FALSE,Has no commitment and is not reporting,0,0,0,0,0,0,0,1
2025-06,Mexico,Walmart,Huevo blanco Aires de Campo orgánico 12 pzas,organic,FALSE,Has no commitment and is not reporting,1,0,0,0,1,0,0,0
2025-06,Mexico,Walmart,Huevo blanco Bachoco fresco 12 pzas,cage,FALSE,Has no commitment and is not reporting,0,0,0,0,0,0,1,0
2025-06,Mexico,Walmart,Huevo blanco Dorado 30 pzas,insufficient information,FALSE,Has no commitment and is not reporting,0,0,0,0,0,0,0,1
2025-06,Mexico,Walmart,Huevo blanco El Calvario 12 pzas,insufficient information,FALSE,Has no commitment and is not reporting,0,0,0,0,0,0,0,1
2025-06,Mexico,Walmart,Huevo blanco Aurrera fresco 12 pzas,insufficient information,FALSE,Has no commitment and is not reporting,0,0,0,0,0,0,0,1
2025-06,Pakistan,Metro-Makro,Wahdat Golden Eggs 12,insufficient information,FALSE,Has commitment but is not reporting,0,0,0,0,0,0,0,1
2025-06,Pakistan,Utility Stores Corporation,Lomen Brown Eggs (50/60 Gm)(LP),insufficient information,FALSE,Has no commitment and is not reporting,0,0,0,0,0,0,0,1
2025-06,Pakistan,Utility Stores Corporation,Gul Eggs Per Pcs (LP)(KHL),insufficient information,FALSE,Has no commitment and is not reporting,0,0,0,0,0,0,0,1
2025-06,Pakistan,Utility Stores Corporation,Lomen Brown Eggs (50/60 Gm)(LP),insufficient information,FALSE,Has no commitment and is not reporting,0,0,0,0,0,0,0,1
2025-06,Pakistan,Utility Stores Corporation,LS Eggs (One Pcs) (LP)(F-S),insufficient information,FALSE,Has no commitment and is not reporting,0,0,0,0,0,0,0,1
2025-06,Philippines,SM Supermarket/Hypermarket,One Organic Unbranded Small Egg (O) | 30pcs,organic,FALSE,Has no commitment and is not reporting,1,0,0,0,1,0,0,0
2025-06,Philippines,SM Supermarket/Hypermarket,SM Bonus Fresh Eggs Medium | 12pcs,insufficient information,FALSE,Has no commitment and is not reporting,0,0,0,0,0,0,0,1
2025-06,Philippines,SM Supermarket/Hypermarket,Bounty Fresh Large Eggs | 30pcs,insufficient information,FALSE,Has no commitment and is not reporting,0,0,0,0,0,0,0,1
2025-06,Philippines,SM Supermarket/Hypermarket,SM Bonus Fresh Eggs | 12pcs,insufficient information,FALSE,Has no commitment and is not reporting,0,0,0,0,0,0,0,1
2025-06,Philippines,SM Supermarket/Hypermarket,Bounty Cage Free White Eggs | 12pcs,cage-free not identified,FALSE,Has no commitment and is not reporting,1,0,0,0,0,1,0,0
2025-06,Philippines,SM Supermarket/Hypermarket,SM Bonus Salted Eggs | 4pcs,cage,FALSE,Has no commitment and is not reporting,0,0,0,0,0,0,1,0
2025-06,Philippines,SM Supermarket/Hypermarket,SM Bonus Fresh Eggs Large | 12pcs,insufficient information,FALSE,Has no commitment and is not reporting,0,0,0,0,0,0,0,1
2025-06,Philippines,SM Supermarket/Hypermarket,SM Bonus Salted Eggs | 4pcs,cage,FALSE,Has no commitment and is not reporting,0,0,0,0,0,0,1,0
2025-06,Philippines,SM Supermarket/Hypermarket,Magnolia Brown Eggs Medium | 12pcs,insufficient information,FALSE,Has no commitment and is not reporting,0,0,0,0,0,0,0,1
2025-06,Philippines,SM Supermarket/Hypermarket,Bounty Farms Eggs Brown | 10pcs,cage,FALSE,Has no commitment and is not reporting,0,0,0,0,0,0,1,0
2025-06,Philippines,SM Supermarket/Hypermarket,Bounty Farms Eggs Enriched Omega 3 | 10pcs,insufficient information,FALSE,Has no commitment and is not reporting,0,0,0,0,0,0,0,1
2025-06,Philippines,SM Supermarket/Hypermarket,SM Bonus Fresh Eggs Medium | 12pcs,insufficient information,FALSE,Has no commitment and is not reporting,0,0,0,0,0,0,0,1
2025-06,Philippines,SM Supermarket/Hypermarket,VL Farms Salted Eggs | 4pcs,cage,FALSE,Has no commitment and is not reporting,0,0,0,0,0,0,1,0
2025-06,Philippines,SM Supermarket/Hypermarket,VL Farms Quail Eggs | 24pcs,cage-free not identified,FALSE,Has no commitment and is not reporting,1,0,0,0,0,1,0,0
2025-06,Philippines,SM Supermarket/Hypermarket,VL Farms Fresh Eggs Large | 12pcs,insufficient information,FALSE,Has no commitment and is not reporting,0,0,0,0,0,0,0,1
2025-06,Philippines,SM Supermarket/Hypermarket,Taiwan Gongfu Lead Free Century Eggs | 4pcs,insufficient information,FALSE,Has no commitment and is not reporting,0,0,0,0,0,0,0,1
2025-06,Philippines,SM Supermarket/Hypermarket,Taiwan Gongfu Cooked Salted Duck Eggs | 4pcs,insufficient information,FALSE,Has no commitment and is not reporting,0,0,0,0,0,0,0,1
2025-06,Philippines,SM Supermarket/Hypermarket,Taala Farms Eggs (L) | 6pcs,insufficient information,FALSE,Has no commitment and is not reporting,0,0,0,0,0,0,0,1
2025-06,Philippines,SM Supermarket/Hypermarket,Taala Farms Eggs (L) | 12pcs,insufficient information,FALSE,Has no commitment and is not reporting,0,0,0,0,0,0,0,1
2025-06,Philippines,SM Supermarket/Hypermarket,SM Bonus Salted Eggs C | 4pcs,cage,FALSE,Has no commitment and is not reporting,0,0,0,0,0,0,1,0
2025-06,Philippines,SM Supermarket/Hypermarket,SM Bonus Salted Eggs (O) | 4pcs,organic,FALSE,Has no commitment and is not reporting,1,0,0,0,1,0,0,0
2025-06,Philippines,SM Supermarket/Hypermarket,SM Bonus Salted Eggs (Ak) | 4pcs,insufficient information,FALSE,Has no commitment and is not reporting,0,0,0,0,0,0,0,1
2025-06,Philippines,SM Supermarket/Hypermarket,SM Bonus Salted Egg (N) | 4pcs,cage,FALSE,Has no commitment and is not reporting,0,0,0,0,0,0,1,0
2025-06,Philippines,SM Supermarket/Hypermarket,SM Bonus Quail Eggs | 24pcs,cage-free not identified,FALSE,Has no commitment and is not reporting,1,0,0,0,0,1,0,0
2025-06,Philippines,SM Supermarket/Hypermarket,SM Bonus Quail Eggs (Jl) | 24pcs,cage-free not identified,FALSE,Has no commitment and is not reporting,1,0,0,0,0,1,0,0
2025-06,Philippines,SM Supermarket/Hypermarket,SM Bonus Quail Eggs (J) | 24pcs,insufficient information,FALSE,Has no commitment and is not reporting,0,0,0,0,0,0,0,1
2025-06,Philippines,SM Supermarket/Hypermarket,SM Bonus Quail Eggs (B) | 24pcs,cage-free not identified,FALSE,Has no commitment and is not reporting,1,0,0,0,0,1,0,0
2025-06,Philippines,SM Supermarket/Hypermarket,SM Bonus Quail Eggs (Ak) | 24pcs,cage-free not identified,FALSE,Has no commitment and is not reporting,1,0,0,0,0,1,0,0
2025-06,Philippines,SM Supermarket/Hypermarket,SM Bonus Quail Egg (N) | 24pcs,cage-free not identified,FALSE,Has no commitment and is not reporting,1,0,0,0,0,1,0,0
2025-06,Philippines,SM Supermarket/Hypermarket,SM Bonus Fresh Eggs Medium | 6pcs,insufficient information,FALSE,Has no commitment and is not reporting,0,0,0,0,0,0,0,1
2025-06,Philippines,SM Supermarket/Hypermarket,SM Bonus Fresh Eggs Medium (C) | 12pcs,cage,FALSE,Has no commitment and is not reporting,0,0,0,0,0,0,1,0
2025-06,Philippines,SM Supermarket/Hypermarket,SM Bonus Fresh Eggs M | 12ps,insufficient information,FALSE,Has no commitment and is not reporting,0,0,0,0,0,0,0,1
2025-06,Philippines,SM Supermarket/Hypermarket,SM Bonus Fresh Eggs Large (Clc) | 12pcs,cage,FALSE,Has no commitment and is not reporting,0,0,0,0,0,0,1,0
2025-06,Philippines,SM Supermarket/Hypermarket,SM Bonus Fresh Egg Medium | 12pcs,insufficient information,FALSE,Has no commitment and is not reporting,0,0,0,0,0,0,0,1
2025-06,Philippines,SM Supermarket/Hypermarket,SM Bonus Egg Large (G) | 12pcs,cage,FALSE,Has no commitment and is not reporting,0,0,0,0,0,0,1,0
2025-06,Philippines,SM Supermarket/Hypermarket,SM Bonus Brown Egg | 12pcs,insufficient information,FALSE,Has no commitment and is not reporting,0,0,0,0,0,0,0,1
2025-06,Philippines,SM Supermarket/Hypermarket,Revy Rose Salted Eggs | 4pcs,cage,FALSE,Has no commitment and is not reporting,0,0,0,0,0,0,1,0
2025-06,Philippines,SM Supermarket/Hypermarket,Revy Rose Quail Eggs | 24pcs,cage-free not identified,FALSE,Has no commitment and is not reporting,1,0,0,0,0,1,0,0
2025-06,Philippines,SM Supermarket/Hypermarket,PNJ Fresh Eggs Large | 6pcs,insufficient information,FALSE,Has no commitment and is not reporting,0,0,0,0,0,0,0,1
2025-06,Philippines,SM Supermarket/Hypermarket,PNJ Fresh Eggs Large | 30pcs,insufficient information,FALSE,Has no commitment and is not reporting,0,0,0,0,0,0,0,1
2025-06,Philippines,SM Supermarket/Hypermarket,PNJ Fresh Eggs Large | 12pcs,insufficient information,FALSE,Has no commitment and is not reporting,0,0,0,0,0,0,0,1
2025-06,Philippines,SM Supermarket/Hypermarket,Peter'S Farm Quail Eggs | 24pcs,cage-free not identified,FALSE,Has no commitment and is not reporting,1,0,0,0,0,1,0,0
2025-06,Philippines,SM Supermarket/Hypermarket,Peter'S Farm Organic Eggs | 12pcs,organic,FALSE,Has no commitment and is not reporting,1,0,0,0,1,0,0,0
2025-06,Philippines,SM Supermarket/Hypermarket,Ocampo Salted Egg | 4pcs,insufficient information,FALSE,Has no commitment and is not reporting,0,0,0,0,0,0,0,1
2025-06,Philippines,SM Supermarket/Hypermarket,NSDR Medium Egg | 6pcs,insufficient information,FALSE,Has no commitment and is not reporting,0,0,0,0,0,0,0,1
2025-06,Philippines,SM Supermarket/Hypermarket,NSDR Brown Egg Large | 6pcs,insufficient information,FALSE,Has no commitment and is not reporting,0,0,0,0,0,0,0,1
2025-06,Philippines,SM Supermarket/Hypermarket,NSDR Brown Egg Large | 12pcs,insufficient information,FALSE,Has no commitment and is not reporting,0,0,0,0,0,0,0,1
2025-06,Philippines,SM Supermarket/Hypermarket,Nicey Unbranded (O) | 30pcs,insufficient information,FALSE,Has no commitment and is not reporting,0,0,0,0,0,0,0,1
2025-06,Philippines,SM Supermarket/Hypermarket,Mardor Fresh Eggs Medium | 30pcs,insufficient information,FALSE,Has no commitment and is not reporting,0,0,0,0,0,0,0,1
2025-06,Philippines,SM Supermarket/Hypermarket,Mardor Fresh Eggs Medium | 12pcs,insufficient information,FALSE,Has no commitment and is not reporting,0,0,0,0,0,0,0,1
2025-06,Philippines,SM Supermarket/Hypermarket,Mardor Fresh Eggs Large | 12pcs,insufficient information,FALSE,Has no commitment and is not reporting,0,0,0,0,0,0,0,1
2025-06,Philippines,SM Supermarket/Hypermarket,Juan Salted Egg | 4pcs,insufficient information,FALSE,Has no commitment and is not reporting,0,0,0,0,0,0,0,1
2025-06,Philippines,SM Supermarket/Hypermarket,Juan Quail Eggs | 24pcs,cage-free not identified,FALSE,Has no commitment and is not reporting,1,0,0,0,0,1,0,0
2025-06,Philippines,SM Supermarket/Hypermarket,JJ's Salted Egg | 4pcs,insufficient information,FALSE,Has no commitment and is not reporting,0,0,0,0,0,0,0,1
2025-06,Philippines,SM Supermarket/Hypermarket,JJ's Fresh Eggs | 6pcs,insufficient information,FALSE,Has no commitment and is not reporting,0,0,0,0,0,0,0,1
2025-06,Philippines,SM Supermarket/Hypermarket,JJ's Fresh Eggs | 12pcs,insufficient information,FALSE,Has no commitment and is not reporting,0,0,0,0,0,0,0,1
2025-06,Philippines,SM Supermarket/Hypermarket,Jhon Ron Fresh Eggs Medium | 6pcs,insufficient information,FALSE,Has no commitment and is not reporting,0,0,0,0,0,0,0,1
2025-06,Philippines,SM Supermarket/Hypermarket,Jhon Ron Fresh Eggs Medium | 12pcs,insufficient information,FALSE,Has no commitment and is not reporting,0,0,0,0,0,0,0,1
2025-06,Philippines,SM Supermarket/Hypermarket,Hiroyuki Fresh Eggs Medium | 12pcs,insufficient information,FALSE,Has no commitment and is not reporting,0,0,0,0,0,0,0,1
2025-06,Philippines,SM Supermarket/Hypermarket,H&E Fresh Quail Eggs | 24pcs,insufficient information,FALSE,Has no commitment and is not reporting,0,0,0,0,0,0,0,1
2025-06,Philippines,SM Supermarket/Hypermarket,Ga Native Eggs | 12pcs,insufficient information,FALSE,Has no commitment and is not reporting,0,0,0,0,0,0,0,1
2025-06,Philippines,SM Supermarket/Hypermarket,Fresh Eggs Medium | 30pcs,insufficient information,FALSE,Has no commitment and is not reporting,0,0,0,0,0,0,0,1
2025-06,Philippines,SM Supermarket/Hypermarket,Fresh Eggs Medium | 30pcs,insufficient information,FALSE,Has no commitment and is not reporting,0,0,0,0,0,0,0,1
2025-06,Philippines,SM Supermarket/Hypermarket,Fresh Eggs Large | 30pcs,insufficient information,FALSE,Has no commitment and is not reporting,0,0,0,0,0,0,0,1
2025-06,Philippines,SM Supermarket/Hypermarket,Fresh Egg Medium (S) | 30pcs,insufficient information,FALSE,Has no commitment and is not reporting,0,0,0,0,0,0,0,1
2025-06,Philippines,SM Supermarket/Hypermarket,Dragon J Ubranded Eggs Small (O) | 30pcs,organic,FALSE,Has no commitment and is not reporting,1,0,0,0,1,0,0,0
2025-06,Philippines,SM Supermarket/Hypermarket,Dragon J Salted Eggs | 4pcs,insufficient information,FALSE,Has no commitment and is not reporting,0,0,0,0,0,0,0,1
2025-06,Philippines,SM Supermarket/Hypermarket,Dragon J Fresh Quail Eggs | 24pcs,insufficient information,FALSE,Has no commitment and is not reporting,0,0,0,0,0,0,0,1
2025-06,Philippines,SM Supermarket/Hypermarket,Dragon J Fresh Eggs Large | 6pcs,insufficient information,FALSE,Has no commitment and is not reporting,0,0,0,0,0,0,0,1
2025-06,Philippines,SM Supermarket/Hypermarket,Dragon J Fresh Eggs Large | 12pcs,insufficient information,FALSE,Has no commitment and is not reporting,0,0,0,0,0,0,0,1
2025-06,Philippines,SM Supermarket/Hypermarket,DJ Fresh Eggs Small | 30pcs,insufficient information,FALSE,Has no commitment and is not reporting,0,0,0,0,0,0,0,1
2025-06,Philippines,SM Supermarket/Hypermarket,DJ Fresh Eggs Medium | 30pcs,insufficient information,FALSE,Has no commitment and is not reporting,0,0,0,0,0,0,0,1
2025-06,Philippines,SM Supermarket/Hypermarket,DJ Fresh Eggs Large | 30pcs,insufficient information,FALSE,Has no commitment and is not reporting,0,0,0,0,0,0,0,1
2025-06,Philippines,SM Supermarket/Hypermarket,Davick Brown Egg Large | 12pcs,insufficient information,FALSE,Has no commitment and is not reporting,0,0,0,0,0,0,0,1
2025-06,Philippines,SM Supermarket/Hypermarket,Myco Salted Eggs | 4pcs,insufficient information,FALSE,Has no commitment and is not reporting,0,0,0,0,0,0,0,1
2025-06,Philippines,SM Supermarket/Hypermarket,Myco Quail Eggs | 24pcs,insufficient information,FALSE,Has no commitment and is not reporting,0,0,0,0,0,0,0,1
2025-06,Philippines,SM Supermarket/Hypermarket,Myco Quail Eggs | 12pcs,insufficient information,FALSE,Has no commitment and is not reporting,0,0,0,0,0,0,0,1
2025-06,Philippines,SM Supermarket/Hypermarket,CLC Salted Eggs | 4pcs,insufficient information,FALSE,Has no commitment and is not reporting,0,0,0,0,0,0,0,1
2025-06,Philippines,SM Supermarket/Hypermarket,CLC Farms Fresh Eggs Medium | 12pcs,cage,FALSE,Has no commitment and is not reporting,0,0,0,0,0,0,1,0
2025-06,Philippines,SM Supermarket/Hypermarket,CLC Farm Quail Eggs Large | 24pcs,cage-free not identified,FALSE,Has no commitment and is not reporting,1,0,0,0,0,1,0,0
2025-06,Philippines,SM Supermarket/Hypermarket,Cals Fresh Eggs Large | 6pcs,insufficient information,FALSE,Has no commitment and is not reporting,0,0,0,0,0,0,0,1
2025-06,Philippines,SM Supermarket/Hypermarket,Cals Fresh Eggs Large | 30pcs,insufficient information,FALSE,Has no commitment and is not reporting,0,0,0,0,0,0,0,1
2025-06,Philippines,SM Supermarket/Hypermarket,BYC Fresh Egg Medium | 30pcs,cage-free not identified,FALSE,Has no commitment and is not reporting,1,0,0,0,0,1,0,0
2025-06,Philippines,SM Supermarket/Hypermarket,BYC Brown Egg | 12pcs,insufficient information,FALSE,Has no commitment and is not reporting,0,0,0,0,0,0,0,1
2025-06,Philippines,SM Supermarket/Hypermarket,Bounty Fresh Premium Organic Selenium | 12pcs,organic,FALSE,Has no commitment and is not reporting,1,0,0,0,1,0,0,0
2025-06,Philippines,SM Supermarket/Hypermarket,Bounty Fresh Eggs With Vitamin E | 12pcs,insufficient information,FALSE,Has no commitment and is not reporting,0,0,0,0,0,0,0,1
2025-06,Philippines,SM Supermarket/Hypermarket,Bounty Cage Free Eggs | 30pcs,cage-free not identified,FALSE,Has no commitment and is not reporting,1,0,0,0,0,1,0,0
2025-06,Philippines,SM Supermarket/Hypermarket,Biofarms Fresh Eggs Small | 12pcs,insufficient information,FALSE,Has no commitment and is not reporting,0,0,0,0,0,0,0,1
2025-06,Philippines,SM Supermarket/Hypermarket,Biofarms Fresh Eggs Medium | 30pcs,insufficient information,FALSE,Has no commitment and is not reporting,0,0,0,0,0,0,0,1
2025-06,Philippines,SM Supermarket/Hypermarket,Biofarms Fresh Eggs Medium | 12pcs,insufficient information,FALSE,Has no commitment and is not reporting,0,0,0,0,0,0,0,1
2025-06,Philippines,SM Supermarket/Hypermarket,Biofarms Fresh Eggs Large | 30pcs,cage-free not identified,FALSE,Has no commitment and is not reporting,1,0,0,0,0,1,0,0
2025-06,Philippines,SM Supermarket/Hypermarket,Biofarms Fresh Eggs Large | 12pcs,cage-free not identified,FALSE,Has no commitment and is not reporting,1,0,0,0,0,1,0,0
2025-06,Philippines,SM Supermarket/Hypermarket,Asian Giant Fresh Eggs Med | 12pcs,insufficient information,FALSE,Has no commitment and is not reporting,0,0,0,0,0,0,0,1
2025-06,Philippines,SM Supermarket/Hypermarket,AS Bounty Quail Eggs | 24pcs,cage-free not identified,FALSE,Has no commitment and is not reporting,1,0,0,0,0,1,0,0
2025-06,Philippines,SM Supermarket/Hypermarket,Alto Palo Fresh Eggs Medium | 6pcs,insufficient information,FALSE,Has no commitment and is not reporting,0,0,0,0,0,0,0,1
2025-06,Philippines,SM Supermarket/Hypermarket,SM Bonus Fresh Medium Eggs | 12pcs,insufficient information,FALSE,Has no commitment and is not reporting,0,0,0,0,0,0,0,1
2025-06,Philippines,SM Supermarket/Hypermarket,SM Bonus Egg Medium | 12pcs,insufficient information,FALSE,Has no commitment and is not reporting,0,0,0,0,0,0,0,1
2025-06,Philippines,SM Supermarket/Hypermarket,SM Bonus Brown Eggs | 6pcs,insufficient information,FALSE,Has no commitment and is not reporting,0,0,0,0,0,0,0,1
2025-06,Philippines,SM Supermarket/Hypermarket,Renz Val Salted Duck Eggs | 4pcs,insufficient information,FALSE,Has no commitment and is not reporting,0,0,0,0,0,0,0,1
2025-06,Philippines,SM Supermarket/Hypermarket,Perfect Choice Fresh Eggs Large | 12pcs,insufficient information,FALSE,Has no commitment and is not reporting,0,0,0,0,0,0,0,1
2025-06,Philippines,SM Supermarket/Hypermarket,NSDR Medium Egg | 12pcs,insufficient information,FALSE,Has no commitment and is not reporting,0,0,0,0,0,0,0,1
2025-06,Philippines,SM Supermarket/Hypermarket,NFT Salted Eggs | 4pcs,insufficient information,FALSE,Has no commitment and is not reporting,0,0,0,0,0,0,0,1
2025-06,Philippines,SM Supermarket/Hypermarket,NFT Quail Eggs | 24pcs,insufficient information,FALSE,Has no commitment and is not reporting,0,0,0,0,0,0,0,1
2025-06,Philippines,SM Supermarket/Hypermarket,Mardor Fresh Eggs Large | 30pcs,insufficient information,FALSE,Has no commitment and is not reporting,0,0,0,0,0,0,0,1
2025-06,Philippines,SM Supermarket/Hypermarket,Jumbo Farm Quail Eggs | 24pcs,cage-free not identified,FALSE,Has no commitment and is not reporting,1,0,0,0,0,1,0,0
2025-06,Philippines,SM Supermarket/Hypermarket,Juan Brown Egg | 12pcs,insufficient information,FALSE,Has no commitment and is not reporting,0,0,0,0,0,0,0,1
2025-06,Philippines,SM Supermarket/Hypermarket,Green Gem Salted Eggs | 6pcs,insufficient information,FALSE,Has no commitment and is not reporting,0,0,0,0,0,0,0,1
2025-06,Philippines,SM Supermarket/Hypermarket,Green Gem Quail Eggs | 24pcs,cage-free not identified,FALSE,Has no commitment and is not reporting,1,0,0,0,0,1,0,0
2025-06,Philippines,SM Supermarket/Hypermarket,Green Gem Fresh Eggs Med | 12pcs,insufficient information,FALSE,Has no commitment and is not reporting,0,0,0,0,0,0,0,1
2025-06,Philippines,SM Supermarket/Hypermarket,Green Gem Cage Free Salted Eggs | 4pcs,cage-free not identified,FALSE,Has no commitment and is not reporting,1,0,0,0,0,1,0,0
2025-06,Philippines,SM Supermarket/Hypermarket,Green Gem Brown Eggs Med | 12pcs,insufficient information,FALSE,Has no commitment and is not reporting,0,0,0,0,0,0,0,1
2025-06,Philippines,SM Supermarket/Hypermarket,Fresh Harvest Eggs | 30pcs,insufficient information,FALSE,Has no commitment and is not reporting,0,0,0,0,0,0,0,1
2025-06,Philippines,SM Supermarket/Hypermarket,EEJ Fresh Eggs Large | 30pcs,insufficient information,FALSE,Has no commitment and is not reporting,0,0,0,0,0,0,0,1
2025-06,Philippines,SM Supermarket/Hypermarket,CLDA Trading Fresh Medium Egg | 12pcs,insufficient information,FALSE,Has no commitment and is not reporting,0,0,0,0,0,0,0,1
2025-06,Philippines,SM Supermarket/Hypermarket,Cabcor Fresh Eggs | 30pcs M,insufficient information,FALSE,Has no commitment and is not reporting,0,0,0,0,0,0,0,1
2025-06,Philippines,SM Supermarket/Hypermarket,Cabcor Fresh Eggs | 12pcs M,insufficient information,FALSE,Has no commitment and is not reporting,0,0,0,0,0,0,0,1
2025-06,Philippines,SM Supermarket/Hypermarket,Bounty Selenium Enriched Eggs | 6pcs,insufficient information,FALSE,Has no commitment and is not reporting,0,0,0,0,0,0,0,1
2025-06,Philippines,SM Supermarket/Hypermarket,Bounty Eggs With Vitamin E | 6pcs,insufficient information,FALSE,Has no commitment and is not reporting,0,0,0,0,0,0,0,1
2025-06,Philippines,SM Supermarket/Hypermarket,NSDR Salted Egg | 4pcs,insufficient information,FALSE,Has no commitment and is not reporting,0,0,0,0,0,0,0,1
2025-06,Philippines,SM Supermarket/Hypermarket,NSDR Quail Egg | 4pcs,insufficient information,FALSE,Has no commitment and is not reporting,0,0,0,0,0,0,0,1
2025-06,Philippines,SM Supermarket/Hypermarket,Jumbo Farms Salted Eggs | 4pcs,cage,FALSE,Has no commitment and is not reporting,0,0,0,0,0,0,1,0
2025-06,Philippines,SM Supermarket/Hypermarket,SM Bonus Salted Eggs | 4pcs,insufficient information,FALSE,Has no commitment and is not reporting,0,0,0,0,0,0,0,1
2025-06,Philippines,SM Supermarket/Hypermarket,SM Bonus Quail Eggs | 4pcs,cage-free not identified,FALSE,Has no commitment and is not reporting,1,0,0,0,0,1,0,0
2025-06,Philippines,SM Supermarket/Hypermarket,SM Bonus Fresh Egg Medium N | 12pcs,insufficient information,FALSE,Has no commitment and is not reporting,0,0,0,0,0,0,0,1
2025-06,Philippines,SM Supermarket/Hypermarket,SM Bonus Fresh Eggs Medium | 12pcs,insufficient information,FALSE,Has no commitment and is not reporting,0,0,0,0,0,0,0,1
2025-06,Philippines,SM Supermarket/Hypermarket,SM Bonus Fresh Eggs Medium | 12pcs,insufficient information,FALSE,Has no commitment and is not reporting,0,0,0,0,0,0,0,1
2025-06,Philippines,SM Supermarket/Hypermarket,SM Bonus Fresh Eggs Large | 12pcs,insufficient information,FALSE,Has no commitment and is not reporting,0,0,0,0,0,0,0,1
2025-06,Philippines,SM Supermarket/Hypermarket,CLC Farm Fresh Eggs Large | 12pcs,cage,FALSE,Has no commitment and is not reporting,0,0,0,0,0,0,1,0
2025-06,Philippines,SM Supermarket/Hypermarket,SM Bonus Fresh Eggs Medium | 12pcs,insufficient information,FALSE,Has no commitment and is not reporting,0,0,0,0,0,0,0,1
2025-06,Philippines,SM Supermarket/Hypermarket,Fea Salted Eggs | 4pcs,cage,FALSE,Has no commitment and is not reporting,0,0,0,0,0,0,1,0
2025-06,Philippines,SM Supermarket/Hypermarket,Fea Fresh Quail Eggs | 24pcs,insufficient information,FALSE,Has no commitment and is not reporting,0,0,0,0,0,0,0,1
2025-06,Philippines,SM Supermarket/Hypermarket,Fea Fresh Eggs Medium | 12pcs,insufficient information,FALSE,Has no commitment and is not reporting,0,0,0,0,0,0,0,1
2025-06,Philippines,SM Supermarket/Hypermarket,Alto Palo Fresh Quail Eggs | 24pcs,cage-free not identified,FALSE,Has no commitment and is not reporting,1,0,0,0,0,1,0,0
2025-06,Philippines,SM Supermarket/Hypermarket,Alto Palo Fresh Eggs Medium | 12pcs,insufficient information,FALSE,Has no commitment and is not reporting,0,0,0,0,0,0,0,1
2025-06,Philippines,SM Supermarket/Hypermarket,Bounty Vitamin D Enriched Eggs | 10pcs,insufficient information,FALSE,Has no commitment and is not reporting,0,0,0,0,0,0,0,1
2025-06,Philippines,SM Supermarket/Hypermarket,Fresh Harvest Eggs Medium | 12pcs,insufficient information,FALSE,Has no commitment and is not reporting,0,0,0,0,0,0,0,1
2025-06,Philippines,SM Supermarket/Hypermarket,SM Bonus Brown Eggs Medium | 12pcs,insufficient information,FALSE,Has no commitment and is not reporting,0,0,0,0,0,0,0,1
2025-06,Philippines,SM Supermarket/Hypermarket,Juan Fresh Eggs | 12pcs,insufficient information,FALSE,Has no commitment and is not reporting,0,0,0,0,0,0,0,1
2025-06,Philippines,SM Supermarket/Hypermarket,SM Bonus Fresh Eggs Medium | 12pcs,insufficient information,FALSE,Has no commitment and is not reporting,0,0,0,0,0,0,0,1
2025-06,Philippines,SM Supermarket/Hypermarket,Ocampo Fresh Eggs Medium | 12pcs,insufficient information,FALSE,Has no commitment and is not reporting,0,0,0,0,0,0,0,1
2025-06,Philippines,SM Supermarket/Hypermarket,SM Bonus Quail Eggs (R) | 24pcs,insufficient information,FALSE,Has no commitment and is not reporting,0,0,0,0,0,0,0,1
2025-06,Philippines,SM Supermarket/Hypermarket,SM Bonus Fresh Eggs Medium | 12pcs,insufficient information,FALSE,Has no commitment and is not reporting,0,0,0,0,0,0,0,1
2025-06,Philippines,SM Supermarket/Hypermarket,SM Bonus Eggs Medium (F) | 12pcs,cage-free not identified,FALSE,Has no commitment and is not reporting,1,0,0,0,0,1,0,0
2025-06,Philippines,SM Supermarket/Hypermarket,Gango Eggs Medium | 12pcs,insufficient information,FALSE,Has no commitment and is not reporting,0,0,0,0,0,0,0,1
2025-06,Philippines,SM Supermarket/Hypermarket,Jewm Egg XL | 12pcs,insufficient information,FALSE,Has no commitment and is not reporting,0,0,0,0,0,0,0,1
2025-06,Philippines,SM Supermarket/Hypermarket,JJM Salted Eggs | 4pcs,insufficient information,FALSE,Has no commitment and is not reporting,0,0,0,0,0,0,0,1
2025-06,Philippines,SM Supermarket/Hypermarket,JJM Quail Eggs | 24pcs,insufficient information,FALSE,Has no commitment and is not reporting,0,0,0,0,0,0,0,1
2025-06,Philippines,SM Supermarket/Hypermarket,H&E Salted Eggs | 4pcs,cage,FALSE,Has no commitment and is not reporting,0,0,0,0,0,0,1,0
2025-06,Philippines,SM Supermarket/Hypermarket,Little Charles Large | 6pcs,insufficient information,FALSE,Has no commitment and is not reporting,0,0,0,0,0,0,0,1
2025-06,Philippines,SM Supermarket/Hypermarket,Little Charles Large | 12pcs,insufficient information,FALSE,Has no commitment and is not reporting,0,0,0,0,0,0,0,1
2025-06,Philippines,SM Supermarket/Hypermarket,Cal's Fresh Eggs | 12pcs,insufficient information,FALSE,Has no commitment and is not reporting,0,0,0,0,0,0,0,1
2025-06,Philippines,SM Supermarket/Hypermarket,Jewm Eggs Medium | 12pcs,insufficient information,FALSE,Has no commitment and is not reporting,0,0,0,0,0,0,0,1
2025-06,Philippines,SM Supermarket/Hypermarket,A's Bounty Salted Eggs | 4pcs,cage,FALSE,Has no commitment and is not reporting,0,0,0,0,0,0,1,0
2025-06,Philippines,SM Supermarket/Hypermarket,John Ron Quail Egg | 24pcs,cage-free not identified,FALSE,Has no commitment and is not reporting,1,0,0,0,0,1,0,0
2025-06,Philippines,SM Supermarket/Hypermarket,John Ron Salted Egg | 4pcs,insufficient information,FALSE,Has no commitment and is not reporting,0,0,0,0,0,0,0,1
2025-06,Philippines,SM Supermarket/Hypermarket,SM Bonus Fresh Eggs Large | 6pcs,insufficient information,FALSE,Has no commitment and is not reporting,0,0,0,0,0,0,0,1
2025-06,Philippines,SM Supermarket/Hypermarket,SM Bonus Fresh Medium Eggs |12pcs,insufficient information,FALSE,Has no commitment and is not reporting,0,0,0,0,0,0,0,1
2025-06,Philippines,SM Supermarket/Hypermarket,SM Bonus Fresh Eggs | 12pcs,insufficient information,FALSE,Has no commitment and is not reporting,0,0,0,0,0,0,0,1
2025-06,Philippines,SM Supermarket/Hypermarket,Addy's Quail Eggs | 24pcs,insufficient information,FALSE,Has no commitment and is not reporting,0,0,0,0,0,0,0,1
2025-06,Philippines,SM Supermarket/Hypermarket,CLDA Quail Eggs | 24pcs,cage-free not identified,FALSE,Has no commitment and is not reporting,1,0,0,0,0,1,0,0
2025-06,Philippines,SM Supermarket/Hypermarket,CLDA Salted Eggs | 4pcs,cage,FALSE,Has no commitment and is not reporting,0,0,0,0,0,0,1,0
2025-06,Philippines,SM Supermarket/Hypermarket,SM Bonus Quail Eggs | 24pcs,cage-free not identified,FALSE,Has no commitment and is not reporting,1,0,0,0,0,1,0,0
2025-06,Philippines,SM Supermarket/Hypermarket,SM Bonus Fresh Eggs Large | 12pcs,insufficient information,FALSE,Has no commitment and is not reporting,0,0,0,0,0,0,0,1
2025-06,Philippines,SM Supermarket/Hypermarket,Fresh Eggs Small | 30pcs,insufficient information,FALSE,Has no commitment and is not reporting,0,0,0,0,0,0,0,1
2025-06,Philippines,SM Supermarket/Hypermarket,EJJ Brown Eggs | 12pcs,insufficient information,FALSE,Has no commitment and is not reporting,0,0,0,0,0,0,0,1
2025-06,Philippines,SM Supermarket/Hypermarket,SM Bonus Fresh Eggs | 12pcs,insufficient information,FALSE,Has no commitment and is not reporting,0,0,0,0,0,0,0,1
2025-06,Philippines,SM Supermarket/Hypermarket,EJJ Fresh Large Eggs | 12pcs,insufficient information,FALSE,Has no commitment and is not reporting,0,0,0,0,0,0,0,1
2025-06,Philippines,SM Supermarket/Hypermarket,Bounty Farms Fresh Eggs Medium | 30pcs,insufficient information,FALSE,Has no commitment and is not reporting,0,0,0,0,0,0,0,1
2025-06,Philippines,SM Supermarket/Hypermarket,Addy's Brown Eggs | 12pcs,insufficient information,FALSE,Has no commitment and is not reporting,0,0,0,0,0,0,0,1
2025-06,Philippines,SM Supermarket/Hypermarket,Bounty Eggs Small | 30pcs,insufficient information,FALSE,Has no commitment and is not reporting,0,0,0,0,0,0,0,1
2025-06,Philippines,SM Supermarket/Hypermarket,Addy's Salted Eggs Medium | 6pcs,insufficient information,FALSE,Has no commitment and is not reporting,0,0,0,0,0,0,0,1
2025-06,Philippines,SM Supermarket/Hypermarket,Peter's Farm Salted Eggs | 6pcs,cage,FALSE,Has no commitment and is not reporting,0,0,0,0,0,0,1,0
2025-06,Philippines,SM Supermarket/Hypermarket,Peter's Farm Salted Eggs Large | 4pcs,insufficient information,FALSE,Has no commitment and is not reporting,0,0,0,0,0,0,0,1
2025-06,Philippines,SM Supermarket/Hypermarket,Addy's Salted Eggs Large | 4pcs,insufficient information,FALSE,Has no commitment and is not reporting,0,0,0,0,0,0,0,1
2025-06,Philippines,SM Supermarket/Hypermarket,Bounty Farms Eggs Enriched Vit. E | 10pcs,insufficient information,FALSE,Has no commitment and is not reporting,0,0,0,0,0,0,0,1
2025-06,Philippines,SM Supermarket/Hypermarket,Bounty Farms Eggs Organic Enriched Selenium | 10pcs,organic,FALSE,Has no commitment and is not reporting,1,0,0,0,1,0,0,0
2025-06,Philippines,SM Supermarket/Hypermarket,Bounty Farms Fresh Eggs Medium | 12pcs,insufficient information,FALSE,Has no commitment and is not reporting,0,0,0,0,0,0,0,1
2025-06,Philippines,SM Supermarket/Hypermarket,SM Bonus Brown Eggs | 12pcs,insufficient information,FALSE,Has no commitment and is not reporting,0,0,0,0,0,0,0,1
2025-06,Philippines,SM Supermarket/Hypermarket,SM Bonus Quail Eggs | 24pcs,insufficient information,FALSE,Has no commitment and is not reporting,0,0,0,0,0,0,0,1
2025-06,Philippines,SM Supermarket/Hypermarket,SM Bonus Fresh Eggs Extra Large | 30pcs,insufficient information,FALSE,Has no commitment and is not reporting,0,0,0,0,0,0,0,1
2025-06,Philippines,SM Supermarket/Hypermarket,SM Bonus Fresh Eggs Small | 30pcs,cage-free not identified,FALSE,Has no commitment and is not reporting,1,0,0,0,0,1,0,0
2025-06,Philippines,SM Supermarket/Hypermarket,SM Bonus Fresh Eggs Large | 30pcs,insufficient information,FALSE,Has no commitment and is not reporting,0,0,0,0,0,0,0,1
2025-06,South Africa,Pick n Pay,PnP Large Eggs 18 Pack,insufficient information,FALSE,Has no commitment and is not reporting,0,0,0,0,0,0,0,1
2025-06,South Africa,Pick n Pay,Humpty Dumpty Large Eggs 30 Pack,insufficient information,FALSE,Has no commitment and is not reporting,0,0,0,0,0,0,0,1
2025-06,South Africa,Pick n Pay,PnP Large Eggs 6 Pack,insufficient information,FALSE,Has no commitment and is not reporting,0,0,0,0,0,0,0,1
2025-06,South Africa,Pick n Pay,Humpty Dumpty Extra Large Eggs 18 Pack,insufficient information,FALSE,Has no commitment and is not reporting,0,0,0,0,0,0,0,1
2025-06,South Africa,Pick n Pay,PnP Live Well Free Range Large Eggs 18 Pack,free-range,FALSE,Has no commitment and is not reporting,1,0,0,1,0,0,0,0
2025-06,South Africa,Pick n Pay,PnP Extra Large Eggs 30 Pack,insufficient information,FALSE,Has no commitment and is not reporting,0,0,0,0,0,0,0,1
2025-06,South Africa,Pick n Pay,PnP Live Well Large All Grain Eggs 18 Pack,free-range,FALSE,Has no commitment and is not reporting,1,0,0,1,0,0,0,0
2025-06,South Africa,Pick n Pay,PnP Extra Large Eggs 6 Pack,insufficient information,FALSE,Has no commitment and is not reporting,0,0,0,0,0,0,0,1
2025-06,South Africa,Pick n Pay,PnP Live Well Large All Grain Eggs 24 Pack,cage-free not identified,FALSE,Has no commitment and is not reporting,1,0,0,0,0,1,0,0
2025-06,South Africa,Pick n Pay,PnP Live Well Free Range Jumbo Eggs 18 Pack,free-range,FALSE,Has no commitment and is not reporting,1,0,0,1,0,0,0,0
2025-06,South Africa,Pick n Pay,PnP Live Well Free Range Large Eggs 6 Pack,free-range,FALSE,Has no commitment and is not reporting,1,0,0,1,0,0,0,0
2025-06,South Africa,Pick n Pay,PnP Jumbo Eggs 6 Pack,insufficient information,FALSE,Has no commitment and is not reporting,0,0,0,0,0,0,0,1
2025-06,South Africa,Pick n Pay,Eggs for Africa Medium Eggs 18 Pack,insufficient information,FALSE,Has no commitment and is not reporting,0,0,0,0,0,0,0,1
2025-06,South Africa,Pick n Pay,PnP Live Well Free Range Jumbo Eggs 6 Pack,free-range,FALSE,Has no commitment and is not reporting,1,0,0,1,0,0,0,0
2025-06,South Africa,Pick n Pay,PnP All Grain Large Eggs 6s,insufficient information,FALSE,Has no commitment and is not reporting,0,0,0,0,0,0,0,1
2025-06,South Africa,Pick n Pay,PnP Jumbo Eggs 18 Pack,insufficient information,FALSE,Has no commitment and is not reporting,0,0,0,0,0,0,0,1
2025-06,South Africa,Pick n Pay,Eggs for Africa Medium Eggs 6 Pack,insufficient information,FALSE,Has no commitment and is not reporting,0,0,0,0,0,0,0,1
2025-06,South Africa,Pick n Pay,PnP All Grain Extra Large Eggs 18 Pack,insufficient information,FALSE,Has no commitment and is not reporting,0,0,0,0,0,0,0,1
2025-06,South Africa,Pick n Pay,Humpty Dumpty Extra Large Eggs 30 Pack,insufficient information,FALSE,Has no commitment and is not reporting,0,0,0,0,0,0,0,1
2025-06,South Africa,Pick n Pay,PnP White All Grain Eggs 6 Pack,insufficient information,FALSE,Has no commitment and is not reporting,0,0,0,0,0,0,0,1
2025-06,South Africa,Pick n Pay,PnP Live Well Free Range Extra Large Eggs 18 Pack,free-range,FALSE,Has no commitment and is not reporting,1,0,0,1,0,0,0,0
2025-06,South Africa,Pick n Pay,PnP Live Well Free Range Large Canola Eggs 18 Pack,free-range,FALSE,Has no commitment and is not reporting,1,0,0,1,0,0,0,0
2025-06,South Africa,Pick n Pay,PnP Live Well Extra Large Free Range Eggs 6 Pack,free-range,FALSE,Has no commitment and is not reporting,1,0,0,1,0,0,0,0
2025-06,South Africa,Pick n Pay,Humpty Dumpty Jumbo Eggs 24 Pack,insufficient information,FALSE,Has no commitment and is not reporting,0,0,0,0,0,0,0,1
2025-06,South Africa,Pick n Pay,Humpty Dumpty Large Eggs 6 Pack,insufficient information,FALSE,Has no commitment and is not reporting,0,0,0,0,0,0,0,1
2025-06,South Africa,Pick n Pay,PnP Live Well Extra Large All Grain Eggs 6 Pack,insufficient information,FALSE,Has no commitment and is not reporting,0,0,0,0,0,0,0,1
2025-06,South Africa,Pick n Pay,James Free Range Medium Eggs 6 Pack,free-range,FALSE,Has no commitment and is not reporting,1,0,0,1,0,0,0,0
2025-06,South Africa,Pick n Pay,Humpty Dumpty Jumbo Eggs 6 Pack,insufficient information,FALSE,Has no commitment and is not reporting,0,0,0,0,0,0,0,1
2025-06,South Africa,Pick n Pay,PnP White All Grain Eggs 18 Pack,insufficient information,FALSE,Has no commitment and is not reporting,0,0,0,0,0,0,0,1
2025-06,South Africa,Pick n Pay,Windmeul Super Jumbo Eggs 6 Pack,insufficient information,FALSE,Has no commitment and is not reporting,0,0,0,0,0,0,0,1
2025-06,South Africa,Pick n Pay,Humpty Dumpty Extra Large Eggs 6 Pack,insufficient information,FALSE,Has no commitment and is not reporting,0,0,0,0,0,0,0,1
2025-06,South Africa,Shoprite Group,Nulaid Medium Eggs 6 x >43g,cage-free not identified,FALSE,Has no commitment and is not reporting,1,0,0,0,0,1,0,0
2025-06,South Africa,Shoprite Group,Nulaid Large Eggs 18 Pack,cage,FALSE,Has no commitment and is not reporting,0,0,0,0,0,0,1,0
2025-06,South Africa,Shoprite Group,Ritebrand Large Eggs 18 Pack,insufficient information,FALSE,Has no commitment and is not reporting,0,0,0,0,0,0,0,1
2025-06,South Africa,Shoprite Group,Golden Yolk Large Eggs 18 Pack,insufficient information,FALSE,Has no commitment and is not reporting,0,0,0,0,0,0,0,1
2025-06,South Africa,Shoprite Group,Golden Yolk Large Eggs 60 Pack,insufficient information,FALSE,Has no commitment and is not reporting,0,0,0,0,0,0,0,1
2025-06,South Africa,Shoprite Group,Nulaid Large Eggs 6 x >51g,cage-free not identified,FALSE,Has no commitment and is not reporting,1,0,0,0,0,1,0,0
2025-06,South Africa,Shoprite Group,Nulaid Grade 1 Large Eggs 30 x >51g,insufficient information,FALSE,Has no commitment and is not reporting,0,0,0,0,0,0,0,1
2025-06,South Africa,Shoprite Group,Ritebrand Mixed Size Eggs 48 Pack,insufficient information,FALSE,Has no commitment and is not reporting,0,0,0,0,0,0,0,1
2025-06,South Africa,Shoprite Group,TopLay Large Eggs 6 Pack,insufficient information,FALSE,Has no commitment and is not reporting,0,0,0,0,0,0,0,1
2025-06,South Africa,Shoprite Group,Farmyard Medium Eggs 6 Pack,cage-free not identified,FALSE,Has no commitment and is not reporting,1,0,0,0,0,1,0,0
2025-06,South Africa,Shoprite Group,TopLay Large Eggs 18 Pack,insufficient information,FALSE,Has no commitment and is not reporting,0,0,0,0,0,0,0,1
2025-06,South Africa,Shoprite Group,Farmyard Large Eggs 18 Pack,insufficient information,FALSE,Has no commitment and is not reporting,0,0,0,0,0,0,0,1
2025-06,South Africa,Shoprite Group,Nulaid Premium Grade 1 Extra Large Free Range Eggs 6 Pack,free-range,FALSE,Has no commitment and is not reporting,1,0,0,1,0,0,0,0
2025-06,South Africa,Shoprite Group,TopLay Eggs 30 Pack,insufficient information,FALSE,Has no commitment and is not reporting,0,0,0,0,0,0,0,1
2025-06,South Africa,Shoprite Group,Checkers Housebrand Extra Large Eggs 18 Pack,insufficient information,FALSE,Has no commitment and is not reporting,0,0,0,0,0,0,0,1
2025-06,South Africa,Shoprite Group,Laymore Grade 1 Large Eggs 24 Pack,insufficient information,FALSE,Has no commitment and is not reporting,0,0,0,0,0,0,0,1
2025-06,South Africa,Shoprite Group,Farmyard Large Eggs 30 Pack,insufficient information,FALSE,Has no commitment and is not reporting,0,0,0,0,0,0,0,1
2025-06,South Africa,Shoprite Group,Farmyard Large Eggs 6 Pack,cage-free not identified,FALSE,Has no commitment and is not reporting,1,0,0,0,0,1,0,0
2025-06,South Africa,Shoprite Group,Farmyard Extra Large Eggs 6 Pack,insufficient information,FALSE,Has no commitment and is not reporting,0,0,0,0,0,0,0,1
2025-06,South Africa,Shoprite Group,Nulaid Eggs 18 Pack,insufficient information,FALSE,Has no commitment and is not reporting,0,0,0,0,0,0,0,1
2025-06,South Africa,Shoprite Group,Solitaire Large Free Range Eggs 18 Pack,free-range,FALSE,Has no commitment and is not reporting,1,0,0,1,0,0,0,0
2025-06,South Africa,Shoprite Group,Nulaid Extra Large Eggs Tray 60 Pack,insufficient information,FALSE,Has no commitment and is not reporting,0,0,0,0,0,0,0,1
2025-06,South Africa,Shoprite Group,Nulaid Extra Large Eggs 30 Pack,insufficient information,FALSE,Has no commitment and is not reporting,0,0,0,0,0,0,0,1
2025-06,South Africa,Shoprite Group,Golden Yolk Large Eggs 30 Pack,insufficient information,FALSE,Has no commitment and is not reporting,0,0,0,0,0,0,0,1
2025-06,South Africa,Shoprite Group,Checkers Housebrand Large Eggs 18 Pack,insufficient information,FALSE,Has no commitment and is not reporting,0,0,0,0,0,0,0,1
2025-06,South Africa,Shoprite Group,Ritebrand Large Eggs 24 Pack,insufficient information,FALSE,Has no commitment and is not reporting,0,0,0,0,0,0,0,1
2025-06,South Africa,Shoprite Group,Ritebrand Eggs 30 Pack,insufficient information,FALSE,Has no commitment and is not reporting,0,0,0,0,0,0,0,1
2025-06,South Africa,Shoprite Group,Nulaid Extra Large Eggs 18 Pack,insufficient information,FALSE,Has no commitment and is not reporting,0,0,0,0,0,0,0,1
2025-06,South Africa,Shoprite Group,Nulaid Medium Eggs 18 Pack,cage-free not identified,FALSE,Has no commitment and is not reporting,1,0,0,0,0,1,0,0
2025-06,South Africa,Shoprite Group,Nulaid Premium Grade 1 Canola Large Eggs 6 x >51g,insufficient information,FALSE,Has no commitment and is not reporting,0,0,0,0,0,0,0,1
2025-06,South Africa,Shoprite Group,Nulaid Extra Large Eggs 6 Pack,cage-free not identified,FALSE,Has no commitment and is not reporting,1,0,0,0,0,1,0,0
2025-06,South Africa,Shoprite Group,Ritebrand Large Eggs 6 Pack,insufficient information,FALSE,Has no commitment and is not reporting,0,0,0,0,0,0,0,1
2025-06,South Africa,Shoprite Group,Simple Truth Large Free-Range Eggs 18 Pack,free-range,FALSE,Has no commitment and is not reporting,1,0,0,1,0,0,0,0
2025-06,South Africa,Shoprite Group,TopLay Eggs Jumbo 30 Pack,insufficient information,FALSE,Has no commitment and is not reporting,0,0,0,0,0,0,0,1
2025-06,South Africa,Shoprite Group,TopLay Grain Fed Jumbo Eggs 6 Pack,cage,FALSE,Has no commitment and is not reporting,0,0,0,0,0,0,1,0
2025-06,South Africa,Shoprite Group,TopLay Jumbo Eggs 18 Pack,insufficient information,FALSE,Has no commitment and is not reporting,0,0,0,0,0,0,0,1
2025-06,South Africa,Shoprite Group,Rossgro Farmhouse Extra Large Eggs 6 Pack,insufficient information,FALSE,Has no commitment and is not reporting,0,0,0,0,0,0,0,1
2025-06,South Africa,Shoprite Group,Moreson Extra Large Eggs Tray 6 Pack,insufficient information,FALSE,Has no commitment and is not reporting,0,0,0,0,0,0,0,1
2025-06,South Africa,Shoprite Group,Eggbert Eggs 6 Pack,insufficient information,FALSE,Has no commitment and is not reporting,0,0,0,0,0,0,0,1
2025-06,South Africa,Shoprite Group,Fairacres Extra Large Eggs 6 Pack,insufficient information,FALSE,Has no commitment and is not reporting,0,0,0,0,0,0,0,1
2025-06,South Africa,Shoprite Group,Eggbert Eggs 30 Pack,insufficient information,FALSE,Has no commitment and is not reporting,0,0,0,0,0,0,0,1
2025-06,South Africa,Shoprite Group,Fairacres Medium Eggs 30 Pack,insufficient information,FALSE,Has no commitment and is not reporting,0,0,0,0,0,0,0,1
2025-06,South Africa,Shoprite Group,DANAEG Frozen Pasteurized Whole Egg Liquid 1kg,insufficient information,FALSE,Has no commitment and is not reporting,0,0,0,0,0,0,0,1
2025-06,South Africa,Shoprite Group,Midlands Eggs Eggs 18 Pack,insufficient information,FALSE,Has no commitment and is not reporting,0,0,0,0,0,0,0,1
2025-06,South Africa,Shoprite Group,Midlands Eggs Large Eggs 30 Pack,insufficient information,FALSE,Has no commitment and is not reporting,0,0,0,0,0,0,0,1
2025-06,South Africa,Shoprite Group,Alzu Eggs Eggs 30 Pack,insufficient information,FALSE,Has no commitment and is not reporting,0,0,0,0,0,0,0,1
2025-06,South Africa,Shoprite Group,Simple Truth Extra Large Free-Range Eggs 18 Pack,free-range,FALSE,Has no commitment and is not reporting,1,0,0,1,0,0,0,0
2025-06,South Africa,Shoprite Group,Alzu Eggs Large Eggs 48 Pack,insufficient information,FALSE,Has no commitment and is not reporting,0,0,0,0,0,0,0,1
2025-06,South Africa,Shoprite Group,Alzu Eggs Extra Large Eggs 6 Pack,insufficient information,FALSE,Has no commitment and is not reporting,0,0,0,0,0,0,0,1
2025-06,South Africa,Shoprite Group,Farmyard Eggs 30 Pack,insufficient information,FALSE,Has no commitment and is not reporting,0,0,0,0,0,0,0,1
2025-06,South Africa,Shoprite Group,Golden Yolk Extra Large Eggs Tray 30 Pack,insufficient information,FALSE,Has no commitment and is not reporting,0,0,0,0,0,0,0,1
2025-06,South Africa,Shoprite Group,TopLay Eggs 48 Pack,insufficient information,FALSE,Has no commitment and is not reporting,0,0,0,0,0,0,0,1
2025-06,South Africa,Shoprite Group,Eggbert Eggs 48 Pack,insufficient information,FALSE,Has no commitment and is not reporting,0,0,0,0,0,0,0,1
2025-06,South Africa,Shoprite Group,Moreson Jumbo Eggs Tray 18 Pack,insufficient information,FALSE,Has no commitment and is not reporting,0,0,0,0,0,0,0,1
2025-06,South Africa,Shoprite Group,Eggbert Eggs 18 Pack,insufficient information,FALSE,Has no commitment and is not reporting,0,0,0,0,0,0,0,1
2025-06,South Africa,Shoprite Group,Farmhouse Medium Eggs 30 Pack,insufficient information,FALSE,Has no commitment and is not reporting,0,0,0,0,0,0,0,1
2025-06,South Africa,Shoprite Group,Rossgro Farmhouse Eggs Large 48 Pack,insufficient information,FALSE,Has no commitment and is not reporting,0,0,0,0,0,0,0,1
2025-06,South Africa,Shoprite Group,Nutrilay Large Eggs 6 Pack,insufficient information,FALSE,Has no commitment and is not reporting,0,0,0,0,0,0,0,1
2025-06,South Africa,Shoprite Group,Nutrilay Extra Large Eggs 30 Pack,insufficient information,FALSE,Has no commitment and is not reporting,0,0,0,0,0,0,0,1
2025-06,South Africa,Shoprite Group,Kiepersol Eggs 30 Pack,insufficient information,FALSE,Has no commitment and is not reporting,0,0,0,0,0,0,0,1
2025-06,South Africa,Shoprite Group,Nulaid Extra Large Pasteurised Eggs 15 Pack,insufficient information,FALSE,Has no commitment and is not reporting,0,0,0,0,0,0,0,1
2025-06,South Africa,Shoprite Group,Barney's X-Large Eggs 6 Pack,insufficient information,FALSE,Has no commitment and is not reporting,0,0,0,0,0,0,0,1
2025-06,South Africa,Shoprite Group,Barney's Extra Large Eggs 18 Pack,insufficient information,FALSE,Has no commitment and is not reporting,0,0,0,0,0,0,0,1
2025-06,South Africa,Shoprite Group,Barney's Large Eggs 6 Pack,insufficient information,FALSE,Has no commitment and is not reporting,0,0,0,0,0,0,0,1
2025-06,South Africa,Shoprite Group,Bartlet Eggs Medium Eggs 6 Pack,insufficient information,FALSE,Has no commitment and is not reporting,0,0,0,0,0,0,0,1
2025-06,South Africa,Shoprite Group,Bartlet Eggs Eggs 6 Pack,insufficient information,FALSE,Has no commitment and is not reporting,0,0,0,0,0,0,0,1
2025-06,South Africa,Shoprite Group,Bartlet Eggs Medium Eggs 48 Pack,insufficient information,FALSE,Has no commitment and is not reporting,0,0,0,0,0,0,0,1
2025-06,South Africa,Shoprite Group,Bartlet Eggs Large Eggs 48 Pack,insufficient information,FALSE,Has no commitment and is not reporting,0,0,0,0,0,0,0,1
2025-06,South Africa,Shoprite Group,Bartlet Eggs Medium Eggs 18 Pack,insufficient information,FALSE,Has no commitment and is not reporting,0,0,0,0,0,0,0,1
2025-06,South Africa,Shoprite Group,Bartlet Eggs Medium Eggs 30 Pack,insufficient information,FALSE,Has no commitment and is not reporting,0,0,0,0,0,0,0,1
2025-06,South Africa,Shoprite Group,Lunds Large Eggs 48 Pack,insufficient information,FALSE,Has no commitment and is not reporting,0,0,0,0,0,0,0,1
2025-06,South Africa,Shoprite Group,TopLay Extra Large Eggs 6 Pack,insufficient information,FALSE,Has no commitment and is not reporting,0,0,0,0,0,0,0,1
2025-06,South Africa,Shoprite Group,Eggbert Extra Large Eggs 30 Pack,insufficient information,FALSE,Has no commitment and is not reporting,0,0,0,0,0,0,0,1
2025-06,South Africa,Shoprite Group,Eggbert Extra Large Eggs 6 Pack,insufficient information,FALSE,Has no commitment and is not reporting,0,0,0,0,0,0,0,1
2025-06,South Africa,Shoprite Group,Lunds Extra Large Eggs 18 Pack,insufficient information,FALSE,Has no commitment and is not reporting,0,0,0,0,0,0,0,1
2025-06,South Africa,Shoprite Group,Eggbert Large Eggs 48 Pack,insufficient information,FALSE,Has no commitment and is not reporting,0,0,0,0,0,0,0,1
2025-06,South Africa,Shoprite Group,Eggbert Jumbo Eggs 6 Pack,insufficient information,FALSE,Has no commitment and is not reporting,0,0,0,0,0,0,0,1
2025-06,South Africa,Shoprite Group,Nulaid Large Pasteurised Eggs 6 Pack,insufficient information,FALSE,Has no commitment and is not reporting,0,0,0,0,0,0,0,1
2025-06,South Africa,Shoprite Group,Nulaid Pasteurised Extra Large Eggs 6 Pack,insufficient information,FALSE,Has no commitment and is not reporting,0,0,0,0,0,0,0,1
2025-06,South Africa,Shoprite Group,Farmhouse Extra Large Eggs 18 Pack,insufficient information,FALSE,Has no commitment and is not reporting,0,0,0,0,0,0,0,1
2025-06,South Africa,Shoprite Group,Fairacres Medium Eggs 6 Pack,insufficient information,FALSE,Has no commitment and is not reporting,0,0,0,0,0,0,0,1
2025-06,South Africa,Shoprite Group,Fairacres Jumbo Eggs 18 Pack,insufficient information,FALSE,Has no commitment and is not reporting,0,0,0,0,0,0,0,1
2025-06,South Africa,Shoprite Group,Lunds Medium Eggs 48 Pack,insufficient information,FALSE,Has no commitment and is not reporting,0,0,0,0,0,0,0,1
2025-06,South Africa,Shoprite Group,Lunds Extra Large Eggs 48 Pack,insufficient information,FALSE,Has no commitment and is not reporting,0,0,0,0,0,0,0,1
2025-06,South Africa,Shoprite Group,Fairacres Large Grade 1 Eggs 48 Pack,insufficient information,FALSE,Has no commitment and is not reporting,0,0,0,0,0,0,0,1
2025-06,South Africa,Shoprite Group,Lunds Large Eggs 6 Pack,insufficient information,FALSE,Has no commitment and is not reporting,0,0,0,0,0,0,0,1
2025-06,South Africa,Shoprite Group,TopLay Grain Fed Medium Eggs 30 Pack,insufficient information,FALSE,Has no commitment and is not reporting,0,0,0,0,0,0,0,1
2025-06,South Africa,Shoprite Group,TopLay Medium Eggs 6 Pack,insufficient information,FALSE,Has no commitment and is not reporting,0,0,0,0,0,0,0,1
2025-06,South Africa,Shoprite Group,Lunds Grade 1 Extra Large Eggs 30 Pack,insufficient information,FALSE,Has no commitment and is not reporting,0,0,0,0,0,0,0,1
2025-06,South Africa,Shoprite Group,TopLay Extra Large Eggs 30 Pack,insufficient information,FALSE,Has no commitment and is not reporting,0,0,0,0,0,0,0,1
2025-06,South Africa,Shoprite Group,Fairacres Large Eggs 6 Pack,insufficient information,FALSE,Has no commitment and is not reporting,0,0,0,0,0,0,0,1
2025-06,South Africa,Shoprite Group,Nulaid Medium Eggs 30 Pack,insufficient information,FALSE,Has no commitment and is not reporting,0,0,0,0,0,0,0,1
2025-06,South Africa,Shoprite Group,Nulaid Jumbo Eggs 30 Pack,insufficient information,FALSE,Has no commitment and is not reporting,0,0,0,0,0,0,0,1
2025-06,South Africa,Shoprite Group,Eggbert Large Eggs 6 Pack,insufficient information,FALSE,Has no commitment and is not reporting,0,0,0,0,0,0,0,1
2025-06,South Africa,Shoprite Group,Fairacres Jumbo Eggs 6 Pack,insufficient information,FALSE,Has no commitment and is not reporting,0,0,0,0,0,0,0,1
2025-06,South Africa,Shoprite Group,Lunds Medium Eggs 18 Pack,insufficient information,FALSE,Has no commitment and is not reporting,0,0,0,0,0,0,0,1
2025-06,South Africa,Shoprite Group,Eggbert Extra Large Eggs 18 Pack,insufficient information,FALSE,Has no commitment and is not reporting,0,0,0,0,0,0,0,1
2025-06,South Africa,Shoprite Group,Lunds Jumbo Eggs 6 Pack,insufficient information,FALSE,Has no commitment and is not reporting,0,0,0,0,0,0,0,1
2025-06,South Africa,Shoprite Group,Lunds Extra Large Eggs 6 Pack,insufficient information,FALSE,Has no commitment and is not reporting,0,0,0,0,0,0,0,1
2025-06,South Africa,Shoprite Group,TopLay Large Eggs 48 Pack,insufficient information,FALSE,Has no commitment and is not reporting,0,0,0,0,0,0,0,1
2025-06,South Africa,Shoprite Group,Nulaid Large Eggs Tray 48 Pack,insufficient information,FALSE,Has no commitment and is not reporting,0,0,0,0,0,0,0,1
2025-06,South Africa,Shoprite Group,Farmhouse Extra Large Eggs Tray 30 Pack,insufficient information,FALSE,Has no commitment and is not reporting,0,0,0,0,0,0,0,1
2025-06,South Africa,Shoprite Group,Farmhouse Grade 1 Eggs Large 6 Pack,insufficient information,FALSE,Has no commitment and is not reporting,0,0,0,0,0,0,0,1
2025-06,South Africa,Shoprite Group,Fairacres Double Dozen Medium Eggs 24 Pack,insufficient information,FALSE,Has no commitment and is not reporting,0,0,0,0,0,0,0,1
2025-06,South Africa,Shoprite Group,Ritebrand Large Eggs 60 Pack,insufficient information,FALSE,Has no commitment and is not reporting,0,0,0,0,0,0,0,1
2025-06,South Africa,Shoprite Group,Fairacres Medium Eggs 48 Pack,insufficient information,FALSE,Has no commitment and is not reporting,0,0,0,0,0,0,0,1
2025-06,South Africa,Shoprite Group,Barney's Extra Large Eggs 30 Pack,insufficient information,FALSE,Has no commitment and is not reporting,0,0,0,0,0,0,0,1
2025-06,South Africa,Shoprite Group,Simple Truth Large Free-Range Eggs 6 Pack,free-range,FALSE,Has no commitment and is not reporting,1,0,0,1,0,0,0,0
2025-06,South Africa,Shoprite Group,Alzu Eggs Extra Large Grade 1 Eggs 18 x 59g,insufficient information,FALSE,Has no commitment and is not reporting,0,0,0,0,0,0,0,1
2025-06,South Africa,Shoprite Group,Alzu Eggs Large Eggs 30 Pack,insufficient information,FALSE,Has no commitment and is not reporting,0,0,0,0,0,0,0,1
2025-06,South Africa,Shoprite Group,Alzu Eggs Extra Large Eggs 30 Pack,insufficient information,FALSE,Has no commitment and is not reporting,0,0,0,0,0,0,0,1
2025-06,South Africa,Shoprite Group,Alzu Eggs Large Eggs 6 Pack,insufficient information,FALSE,Has no commitment and is not reporting,0,0,0,0,0,0,0,1
2025-06,South Africa,Shoprite Group,Bartlet Eggs Large Eggs 6 Pack,insufficient information,FALSE,Has no commitment and is not reporting,0,0,0,0,0,0,0,1
2025-06,South Africa,Shoprite Group,Kiepersol Large Eggs 6 Pack,insufficient information,FALSE,Has no commitment and is not reporting,0,0,0,0,0,0,0,1
2025-06,South Africa,Shoprite Group,Midlands Eggs X-Large Eggs 30 Pack,insufficient information,FALSE,Has no commitment and is not reporting,0,0,0,0,0,0,0,1
2025-06,South Africa,Shoprite Group,Lunds Large Eggs 18 Pack,insufficient information,FALSE,Has no commitment and is not reporting,0,0,0,0,0,0,0,1
2025-06,South Africa,Shoprite Group,Eggbert Large Eggs 18 Pack,insufficient information,FALSE,Has no commitment and is not reporting,0,0,0,0,0,0,0,1
2025-06,South Africa,Shoprite Group,Fairacres Large Eggs 18 Pack,insufficient information,FALSE,Has no commitment and is not reporting,0,0,0,0,0,0,0,1
2025-06,South Africa,Shoprite Group,Moreson Large Eggs Tray 30 Pack,insufficient information,FALSE,Has no commitment and is not reporting,0,0,0,0,0,0,0,1
2025-06,South Africa,Shoprite Group,Farmyard Extra Large Eggs 30 Pack,insufficient information,FALSE,Has no commitment and is not reporting,0,0,0,0,0,0,0,1
2025-06,South Africa,Shoprite Group,Farmyard Medium Eggs 18 Pack,insufficient information,FALSE,Has no commitment and is not reporting,0,0,0,0,0,0,0,1
2025-06,South Africa,Shoprite Group,Farmhouse Large Eggs 18 Pack,insufficient information,FALSE,Has no commitment and is not reporting,0,0,0,0,0,0,0,1
2025-06,South Africa,Shoprite Group,Eggbert Large Eggs 30 Pack,insufficient information,FALSE,Has no commitment and is not reporting,0,0,0,0,0,0,0,1
2025-06,South Africa,Shoprite Group,TopLay Extra Large Eggs 18 Pack,insufficient information,FALSE,Has no commitment and is not reporting,0,0,0,0,0,0,0,1
2025-06,South Africa,Shoprite Group,Moreson Large Eggs 18 Pack,insufficient information,FALSE,Has no commitment and is not reporting,0,0,0,0,0,0,0,1
2025-06,South Africa,Shoprite Group,Moreson Extra Large Eggs Tray 18 Pack,insufficient information,FALSE,Has no commitment and is not reporting,0,0,0,0,0,0,0,1
2025-06,South Africa,Shoprite Group,TopLay Grain Fed Medium Eggs 18 Pack,insufficient information,FALSE,Has no commitment and is not reporting,0,0,0,0,0,0,0,1
2025-06,South Africa,Shoprite Group,Barney's Large Eggs 18 Pack,insufficient information,FALSE,Has no commitment and is not reporting,0,0,0,0,0,0,0,1
2025-06,South Africa,Shoprite Group,Barney's Large Eggs 30 Pack,insufficient information,FALSE,Has no commitment and is not reporting,0,0,0,0,0,0,0,1
2025-06,South Africa,Shoprite Group,Farmyard Extra Large Eggs 18 Pack,insufficient information,FALSE,Has no commitment and is not reporting,0,0,0,0,0,0,0,1
2025-06,South Africa,Shoprite Group,Bartlet Eggs Large Eggs 18 Pack,insufficient information,FALSE,Has no commitment and is not reporting,0,0,0,0,0,0,0,1
2025-06,South Africa,Shoprite Group,Alzu Eggs Large Free Range Eggs 18 Pack,free-range,FALSE,Has no commitment and is not reporting,1,0,0,1,0,0,0,0
2025-06,South Africa,Shoprite Group,Nutrilay X-Large Eggs 18 Pack,insufficient information,FALSE,Has no commitment and is not reporting,0,0,0,0,0,0,0,1
2025-06,South Africa,Shoprite Group,Nutrilay Large Eggs 18 Pack,insufficient information,FALSE,Has no commitment and is not reporting,0,0,0,0,0,0,0,1
2025-06,South Africa,Shoprite Group,Nutrilay Large Eggs 30 Pack,insufficient information,FALSE,Has no commitment and is not reporting,0,0,0,0,0,0,0,1
2025-06,South Africa,Shoprite Group,Kiepersol Large Eggs 18 Pack,insufficient information,FALSE,Has no commitment and is not reporting,0,0,0,0,0,0,0,1
2025-06,South Africa,Shoprite Group,Midlands Eggs Large Eggs 18 Pack,insufficient information,FALSE,Has no commitment and is not reporting,0,0,0,0,0,0,0,1
2025-06,Spain,Alcampo,PAZO DE VILANE Huevos de gallinas camperas clase M y cat. A 12 uds.,free-range,FALSE,Has commitment and is reporting,1,0,0,1,0,0,0,0
2025-06,Spain,Alcampo,AUCHAN Huevos de gallinas sueltas en el gallinero clase M y cat. A 30 uds. Producto Alcampo,barn,FALSE,Has commitment and is reporting,1,1,0,0,0,0,0,0
2025-06,Spain,Alcampo,AUCHAN Huevos de gallinas sueltas en el gallinero clase L y cat. A 12 uds. Producto Alcampo,barn,FALSE,Has commitment and is reporting,1,1,0,0,0,0,0,0
2025-06,Spain,Alcampo,DAGU Huevos de gallinas en jaulas acondicionadas clase M y cat. A 30 uds.,cage,FALSE,Has commitment and is reporting,0,0,0,0,0,0,1,0
2025-06,Spain,Alcampo,CORRAL DE MONEGROS Huevos de gallinas camperas clase M-L y cat. 24 uds.,free-range,FALSE,Has commitment and is reporting,1,0,0,1,0,0,0,0
2025-06,Spain,Alcampo,AUCHAN Huevos de gallinas sueltas en el gallinero clase L y cat. A 12 uds. Producto Alcampo,barn,FALSE,Has commitment and is reporting,1,1,0,0,0,0,0,0
2025-06,Spain,Alcampo,MAMÁ GALLINA Huevos de gallinas sueltas en el gallinero clase M-L y cat. A 12 uds.,barn,FALSE,Has commitment and is reporting,1,1,0,0,0,0,0,0
2025-06,Spain,Alcampo,OLÉ Huevos de gallinas camperas clase M / L y cat. A 6 uds,free-range,FALSE,Has commitment and is reporting,1,0,0,1,0,0,0,0
2025-06,Spain,Alcampo,SANTA TERESA Huevo hilado elaborado con un 90% de yema y sin gluten SANTA TERESA 250 g.,insufficient information,FALSE,Has commitment and is reporting,0,0,0,0,0,0,0,1
2025-06,Spain,Alcampo,OVONOVO Huevo líquido (15 claras) pasteurizado OVONOVO 500 g.,insufficient information,FALSE,Has commitment and is reporting,0,0,0,0,0,0,0,1
2025-06,Spain,Alcampo,OVONOVO Huevo líquido (30 claras) pasteurizado 1l.,insufficient information,FALSE,Has commitment and is reporting,0,0,0,0,0,0,0,1
2025-06,Spain,Alcampo,Huevo hilado sin azúcar elaborado con un 90% de yema SANTA TERESA 100 g.,insufficient information,FALSE,Has commitment and is reporting,0,0,0,0,0,0,0,1
2025-06,Spain,Consum Coop,Huevos M Medianos Docena,insufficient information,FALSE,Has commitment and is reporting,0,0,0,0,0,0,0,1
2025-06,Spain,Consum Coop,Huevos L Grandes Docena,insufficient information,FALSE,Has commitment and is reporting,0,0,0,0,0,0,0,1
2025-06,Spain,Consum Coop,Huevos L Grandes 1/2 Docena,insufficient information,FALSE,Has commitment and is reporting,0,0,0,0,0,0,0,1
2025-06,Spain,Consum Coop,Huevos Camperos 1/2 Docena,free-range,FALSE,Has commitment and is reporting,1,0,0,1,0,0,0,0
2025-06,Spain,Consum Coop,Huevo Campero L 1/2 Docena,free-range,FALSE,Has commitment and is reporting,1,0,0,1,0,0,0,0
2025-06,Spain,Consum Coop,Huevo XL Jumbo 1/2 Docena,insufficient information,FALSE,Has commitment and is reporting,0,0,0,0,0,0,0,1
2025-06,Spain,Consum Coop,Huevo Codorniz Cartón 18 Unidades,insufficient information,FALSE,Has commitment and is reporting,0,0,0,0,0,0,0,1
2025-06,Spain,Consum Coop,Huevo Campero XL 1/2 Docena,free-range,FALSE,Has commitment and is reporting,1,0,0,1,0,0,0,0
2025-06,Spain,Consum Coop,Huevo Campero M Decena,free-range,FALSE,Has commitment and is reporting,1,0,0,1,0,0,0,0
2025-06,Spain,Consum Coop,Huevo Campero L Decena,free-range,FALSE,Has commitment and is reporting,1,0,0,1,0,0,0,0
2025-06,Spain,Consum Coop,Huevo Ecológico L-XL 1/2 Docena,organic,FALSE,Has commitment and is reporting,1,0,0,0,1,0,0,0
2025-06,Spain,Consum Coop,Huevos S/M Medianos 24 Unidades,insufficient information,FALSE,Has commitment and is reporting,0,0,0,0,0,0,0,1
2025-06,Spain,Consum Coop,Huevo L/XL Docena,insufficient information,FALSE,Has commitment and is reporting,0,0,0,0,0,0,0,1
2025-06,Spain,Consum Coop,Huevo Ecológico Decena Diferentes Calibres,organic,FALSE,Has commitment and is reporting,1,0,0,0,1,0,0,0
2025-06,Spain,Grupo Dia,Huevos frescos categoría A clase M Dia bandeja 24 unidades,insufficient information,FALSE,Has commitment and is reporting,0,0,0,0,0,0,0,1
2025-06,Spain,Grupo Dia,Huevos frescos categoría A clase L Dia bandeja 12 unidades,insufficient information,FALSE,Has commitment and is reporting,0,0,0,0,0,0,0,1
2025-06,Spain,Grupo Dia,Huevos frescos categoría A clase M Dia bandeja 12 unidades,insufficient information,FALSE,Has commitment and is reporting,0,0,0,0,0,0,0,1
2025-06,Spain,Grupo Dia,Huevos frescos categoría A clase XL Dia bandeja 6 unidades,insufficient information,FALSE,Has commitment and is reporting,0,0,0,0,0,0,0,1
2025-06,Spain,Grupo Dia,Huevos camperos categoría A clase M/L Dia bandeja 10 unidades,free-range,FALSE,Has commitment and is reporting,1,0,0,1,0,0,0,0
2025-06,Spain,Grupo Dia,Huevos frescos de gallinas criadas en suelo categoría A clase M/L Dia bandeja 12 unidades,barn,FALSE,Has commitment and is reporting,1,1,0,0,0,0,0,0
2025-06,Spain,Grupo Dia,Huevos ecológicos categoría A clase M/L Dia bandeja 6 unidades,organic,FALSE,Has commitment and is reporting,1,0,0,0,1,0,0,0
2025-06,Spain,Grupo Dia,Huevos frescos maíz categoría A clase M/L Grupo de lucas caja 12 unidades,insufficient information,FALSE,Has commitment and is reporting,0,0,0,0,0,0,0,1
2025-06,Spain,Grupo Dia,Claras de huevo pasteurizadas Ovonatur botella 500 ml,insufficient information,FALSE,Has commitment and is reporting,0,0,0,0,0,0,0,1
2025-06,Spain,Grupo Eroski,"Huevo fresco suelo XL HOBEA, cartón 12 uds",barn,FALSE,Has commitment but is not reporting,1,1,0,0,0,0,0,0
2025-06,Spain,Grupo Eroski,"Huevo M suelo HOBEA, cartón 12 uds.",barn,FALSE,Has commitment but is not reporting,1,1,0,0,0,0,0,0
2025-06,Spain,Grupo Eroski,"Huevo cocido de codorníz HOBEA, frasco 18 uds",insufficient information,FALSE,Has commitment but is not reporting,0,0,0,0,0,0,0,1
2025-06,Spain,Grupo Eroski,"Clara líquida pasteurizada PASCUAL, botella 1 litro",insufficient information,FALSE,Has commitment but is not reporting,0,0,0,0,0,0,0,1
2025-06,Spain,Mercadona,Huevos super grandes XL,insufficient information,FALSE,Has commitment but is not reporting,0,0,0,0,0,0,0,1
2025-06,Spain,Mercadona,Huevos grandes L,insufficient information,FALSE,Has commitment but is not reporting,0,0,0,0,0,0,0,1
2025-06,Spain,Mercadona,Huevos grandes L,insufficient information,FALSE,Has commitment but is not reporting,0,0,0,0,0,0,0,1
2025-06,Spain,Mercadona,Huevos medianos M,insufficient information,FALSE,Has commitment but is not reporting,0,0,0,0,0,0,0,1
2025-06,Spain,Mercadona,Huevos de gallinas camperas,free-range,FALSE,Has commitment but is not reporting,1,0,0,1,0,0,0,0
2025-06,Spain,Mercadona,Huevos de gallinas camperas,free-range,FALSE,Has commitment but is not reporting,1,0,0,1,0,0,0,0
2025-06,Spain,Mercadona,Huevos cocidos,insufficient information,FALSE,Has commitment but is not reporting,0,0,0,0,0,0,0,1
2025-06,Spain,Mercadona,Claras de huevo líquidas pasteurizadas,insufficient information,FALSE,Has commitment but is not reporting,0,0,0,0,0,0,0,1
2025-06,Spain,Mercadona,Claras de huevo líquidas pasteurizadas,insufficient information,FALSE,Has commitment but is not reporting,0,0,0,0,0,0,0,1
2025-06,Spain,Mercadona,Huevos,insufficient information,FALSE,Has commitment but is not reporting,0,0,0,0,0,0,0,1
2025-06,Thailand,Lotus,เอโร่ ไข่ไก่เบอร์ 3 แพ็ค 12 ฟอง,insufficient information,FALSE,Has commitment and is reporting,0,0,0,0,0,0,0,1
2025-06,Thailand,Lotus,โลตัส ไข่ไก่อนามัยเบอร์ 3 แพ็ค 10 ฟอง,organic,FALSE,Has commitment and is reporting,1,0,0,0,1,0,0,0
2025-06,Thailand,Lotus,โลตัส ไข่ไก่อนามัยเบอร์ 2 แพ็ค 10 ฟอง,organic,FALSE,Has commitment and is reporting,1,0,0,0,1,0,0,0
2025-06,Thailand,Lotus,โลตัส ไข่ไก่อนามัยขนาดกลาง (M) 10 ฟอง,organic,FALSE,Has commitment and is reporting,1,0,0,0,1,0,0,0
2025-06,Thailand,Lotus,ซีพี ไข่ไก่สดฝาครอบ เบอร์ 1 แพ็ค 30 ฟอง,insufficient information,FALSE,Has commitment and is reporting,0,0,0,0,0,0,0,1
2025-06,Thailand,Lotus,อัครา ไข่ไก่อนามัยขนาดใหญ่(L) 15ฟอง,insufficient information,FALSE,Has commitment and is reporting,0,0,0,0,0,0,0,1
2025-06,Thailand,Lotus,อัครา ไข่ไก่สดเบอร์ 0 แพ็ค10ฟอง,insufficient information,FALSE,Has commitment and is reporting,0,0,0,0,0,0,0,1
2025-06,Thailand,Lotus,เคซีเอฟ ไข่ไก่อนามัย จัมโบ้ 10 ฟอง,insufficient information,FALSE,Has commitment and is reporting,0,0,0,0,0,0,0,1
2025-06,Thailand,Lotus,เบทาโกร ไข่ไก่แม่ไก่สาว แพ็ค 10 ฟอง,insufficient information,FALSE,Has commitment and is reporting,0,0,0,0,0,0,0,1
2025-06,Thailand,Lotus,เบทาโกร ไข่ไก่สดไวต้า เอ เบรน แพ็ค 10 ฟอง,insufficient information,FALSE,Has commitment and is reporting,0,0,0,0,0,0,0,1
2025-06,Thailand,Lotus,เอ็นแอนด์พี ไข่ไก่ออร์แกนิคแม่ไก่สาวแพ็ค 10 ฟอง,organic,FALSE,Has commitment and is reporting,1,0,0,0,1,0,0,0
2025-06,Thailand,Lotus,โลตัส ไข่ไก่อนามัย ขนาดใหญ่ (L) 10 ฟอง,organic,FALSE,Has commitment and is reporting,1,0,0,0,1,0,0,0
2025-06,Thailand,Lotus,ซีพี ไข่ไก่สดฝาครอบ เบอร์ 2 แพ็ค 30 ฟอง,insufficient information,FALSE,Has commitment and is reporting,0,0,0,0,0,0,0,1
2025-06,Thailand,Lotus,อัครา เอคโคโลยีไข่ไก่ฟรีเร้นท์ แพ็ค10 ฟอง,free-range,FALSE,Has commitment and is reporting,1,0,0,1,0,0,0,0
2025-06,Thailand,Lotus,โลตัส ไข่ไก่อนามัย ขนาดกลาง (M) 30 ฟอง,organic,FALSE,Has commitment and is reporting,1,0,0,0,1,0,0,0
2025-06,Thailand,Lotus,ซีพี ซีเล็คชั่น ไข่ไก่เคจฟรี แพ็ค 10 ฟอง,cage-free not identified,FALSE,Has commitment and is reporting,1,0,0,0,0,1,0,0
2025-06,Thailand,Lotus,เบทาโกร ไข่ไก่ขนาด M แพ็ค 30 ฟอง,insufficient information,FALSE,Has commitment and is reporting,0,0,0,0,0,0,0,1
2025-06,Thailand,Lotus,ซีพี ซีเล็คชั่น ไข่ไก่แช่เย็น 10 ฟอง,insufficient information,FALSE,Has commitment and is reporting,0,0,0,0,0,0,0,1
2025-06,Thailand,Lotus,โมริทามะ ไข่ไก่สด แพ็ค 6 ฟอง,insufficient information,FALSE,Has commitment and is reporting,0,0,0,0,0,0,0,1
2025-06,Thailand,Lotus,ซุปเปอร์เอ้กซ์ ไข่ไก่สดขนาด M แพ็ค 30 ฟอง,insufficient information,FALSE,Has commitment and is reporting,0,0,0,0,0,0,0,1
2025-06,Thailand,Lotus,ซุปเปอร์เอ้กซ์ ไข่ไก่สดขนาด L แพ็ค 10 ฟอง,insufficient information,FALSE,Has commitment and is reporting,0,0,0,0,0,0,0,1
2025-06,Thailand,Lotus,เอสเพียว ไข่ไก่ แพค 10 ฟอง,insufficient information,FALSE,Has commitment and is reporting,0,0,0,0,0,0,0,1
2025-06,Thailand,Lotus,เอ็นแอนด์พีไข่ไก่สดออร์แกนิค แพ็ค 6 ฟอง,organic,FALSE,Has commitment and is reporting,1,0,0,0,1,0,0,0
2025-06,Thailand,Lotus,ฮิลไทรบ์ไข่ไก่ออร์แกนิค แพค 6 ฟอง,organic,FALSE,Has commitment and is reporting,1,0,0,0,1,0,0,0
2025-06,Thailand,Lotus,อัคราทามะไข่ไก่สดคละขนาดแพ็ค 10ฟอง,insufficient information,FALSE,Has commitment and is reporting,0,0,0,0,0,0,0,1
2025-06,Thailand,Lotus,ฮิลไทรบ์ออร์แกนิคไข่ไก่เบอร์ 1 แพค 6 ฟอง,organic,FALSE,Has commitment and is reporting,1,0,0,0,1,0,0,0
2025-06,Thailand,Lotus,โลตัสไข่ไก่ฝาครอบเบอร์ 4 X 30 ฟอง,insufficient information,FALSE,Has commitment and is reporting,0,0,0,0,0,0,0,1
2025-06,Thailand,Lotus,โลตัสไข่ไก่ฝาครอบเบอร์ 1 X 30 ฟอง,insufficient information,FALSE,Has commitment and is reporting,0,0,0,0,0,0,0,1
2025-06,Thailand,Lotus,อัครา ไข่ไก่แฝด,insufficient information,FALSE,Has commitment and is reporting,0,0,0,0,0,0,0,1
2025-06,Thailand,Lotus,ซีพี ไข่ไก่วิตามินอี แพ็ค 10 ฟอง,insufficient information,FALSE,Has commitment and is reporting,0,0,0,0,0,0,0,1
2025-06,Thailand,Lotus,โลตัส ไข่ไก่อนามัย ขนาดใหญ่ (L) 30 ฟอง,organic,FALSE,Has commitment and is reporting,1,0,0,0,1,0,0,0
2025-06,Thailand,Lotus,โลตัส ไข่ไก่ CAGE FREE ขนาดกลาง (M) แพ็ค 10 ฟอง,cage-free not identified,FALSE,Has commitment and is reporting,1,0,0,0,0,1,0,0
2025-06,Thailand,Lotus,โลตัส ไข่ออร์แกนิค แพ็ค 6 ฟอง,organic,FALSE,Has commitment and is reporting,1,0,0,0,1,0,0,0
2025-06,Thailand,Lotus,อัครา เอคโคโลยีไข่ไก่เวจจี้ แพ็ค 10 ฟอง,insufficient information,FALSE,Has commitment and is reporting,0,0,0,0,0,0,0,1
2025-06,Thailand,Lotus,ซีพี ซีเล็คชั่น ไข่ไก่สด เบอร์ 3 แพ็ค 10,insufficient information,FALSE,Has commitment and is reporting,0,0,0,0,0,0,0,1
2025-06,Thailand,Lotus,เบทาโกร ไข่ไก่สดไวต้า เอ บิ้วตี้ แพ็ค 10 ฟอง,insufficient information,FALSE,Has commitment and is reporting,0,0,0,0,0,0,0,1
2025-06,Thailand,Lotus,โมริทามะ ไข่ไก่สด แพ็ค 10 ฟอง,insufficient information,FALSE,Has commitment and is reporting,0,0,0,0,0,0,0,1
2025-06,Thailand,Lotus,ซุปเปอร์เอ้กซ์ไข่ไก่สดขนาด L แพ็ค 30 ฟอง,insufficient information,FALSE,Has commitment and is reporting,0,0,0,0,0,0,0,1
2025-06,Thailand,Lotus,อัครา ไข่ไก่ CAGE FREE แพ็ค10 ฟอง,cage-free not identified,FALSE,Has commitment and is reporting,1,0,0,0,0,1,0,0
2025-06,Thailand,Lotus,ยูฟาร์ม ไข่ไก่ เคจฟรี แพ็ค 10 ฟอง,cage-free not identified,FALSE,Has commitment and is reporting,1,0,0,0,0,1,0,0
2025-06,Thailand,Lotus,เอ็นแอนด์พี ไข่ไก่สดออร์แกนิค แพ็ค 10 ฟอง,organic,FALSE,Has commitment and is reporting,1,0,0,0,1,0,0,0
2025-06,Thailand,Lotus,ซีพี ยูฟาร์มไข่ไก่สดโอชา แพ็ค 10 ฟอง,insufficient information,FALSE,Has commitment and is reporting,0,0,0,0,0,0,0,1
2025-06,Thailand,Lotus,อัคราไข่ไก่สดเบอร์ 2 แพ็ค 6 ฟอง,insufficient information,FALSE,Has commitment and is reporting,0,0,0,0,0,0,0,1
2025-06,Thailand,Lotus,ซีพี ไข่ไก่สดฝาครอบ เบอร์ 2 X 15 ฟอง,insufficient information,FALSE,Has commitment and is reporting,0,0,0,0,0,0,0,1
2025-06,Thailand,Lotus,โลตัสไข่ไก่ฝาครอบเบอร์ 0 X 30 ฟอง,insufficient information,FALSE,Has commitment and is reporting,0,0,0,0,0,0,0,1
2025-06,Thailand,Lotus,อัครา ไข่ไก่ซุปเปอร์จัมโบ้,insufficient information,FALSE,Has commitment and is reporting,0,0,0,0,0,0,0,1
2025-06,Thailand,Lotus,อัคราไข่ไก่สดเบอร์ 2 แพ็ค30ฟอง,insufficient information,FALSE,Has commitment and is reporting,0,0,0,0,0,0,0,1
2025-06,Thailand,Lotus,เบทาโกร ไข่ไก่เบอร์ 2 แพ็ค 10 ฟอง,insufficient information,FALSE,Has commitment and is reporting,0,0,0,0,0,0,0,1
2025-06,Thailand,Lotus,โลตัส ไข่ไก่อนามัยขนาดกลาง (M) 10ฟอง,organic,FALSE,Has commitment and is reporting,1,0,0,0,1,0,0,0
2025-06,Thailand,Lotus,ซุปเปอร์เอ้กซ์ ไข่ไก่สดขนาด M แพ็ค 10 ฟอง,insufficient information,FALSE,Has commitment and is reporting,0,0,0,0,0,0,0,1
2025-06,Thailand,Lotus,ซีพี ซีเล็คชั่น ไข่ไก่สด เบอร์ 2 แพ็ค 10,insufficient information,FALSE,Has commitment and is reporting,0,0,0,0,0,0,0,1
2025-06,Thailand,Lotus,อัครา ไข่ไก่ โอเมก้า 3 และ วิตามินอี แพ็ค10 ฟอง,insufficient information,FALSE,Has commitment and is reporting,0,0,0,0,0,0,0,1
2025-06,Thailand,Lotus,บีอินดี้คันทรีฟาร์ม ไข่ไก่ปลอดสารเคจฟรี 10 ฟอง,cage-free not identified,FALSE,Has commitment and is reporting,1,0,0,0,0,1,0,0
2025-06,Thailand,Lotus,ซีพี ไข่ไก่สดฝาครอบ เบอร์ 0 แพ็ค 30 ฟอง,insufficient information,FALSE,Has commitment and is reporting,0,0,0,0,0,0,0,1
2025-06,Thailand,Lotus,เบทาโกร ไข่ไก่แม่ไก่สาว แพ็ค 30 ฟอง,insufficient information,FALSE,Has commitment and is reporting,0,0,0,0,0,0,0,1
2025-06,Thailand,Lotus,โลตัสไข่ไก่ฝาครอบเบอร์ 3 X 30 ฟอง,insufficient information,FALSE,Has commitment and is reporting,0,0,0,0,0,0,0,1
2025-06,Thailand,Lotus,อัคราไข่ไก่สดเบอร์ 2 X10 ฟอง,insufficient information,FALSE,Has commitment and is reporting,0,0,0,0,0,0,0,1
2025-06,Thailand,Lotus,โลตัส ไข่ออร์แกนิค แพ็ค 10 ฟอง,organic,FALSE,Has commitment and is reporting,1,0,0,0,1,0,0,0
2025-06,Thailand,Lotus,เคซีเอฟ ไข่ไก่อนามัย ขนาดใหญ่ (L) 10 ฟอง,insufficient information,FALSE,Has commitment and is reporting,0,0,0,0,0,0,0,1
2025-06,Thailand,Lotus,ซีพี ไข่ไก่ดีเอชเอ 10 ฟอง,insufficient information,FALSE,Has commitment and is reporting,0,0,0,0,0,0,0,1
2025-06,Thailand,Lotus,ซีพี ซีเล็คชั่น ไข่ไก่สด เบอร์ 1 แพ็ค 4,insufficient information,FALSE,Has commitment and is reporting,0,0,0,0,0,0,0,1
2025-06,Thailand,Lotus,เบทาโกร ไข่ไก่เบอร์ 2 แพ็ค 30 ฟอง,insufficient information,FALSE,Has commitment and is reporting,0,0,0,0,0,0,0,1
2025-06,Thailand,Lotus,โลตัส ไข่ไก่ CAGE FREE ขนาดใหญ่(L) แพ็ค 10ฟอง,cage-free not identified,FALSE,Has commitment and is reporting,1,0,0,0,0,1,0,0
2025-06,Thailand,Lotus,ซีพี ซีเล็คชั่น ไข่ไก่สด เบอร์ 0 แพ็ค 10,insufficient information,FALSE,Has commitment and is reporting,0,0,0,0,0,0,0,1
2025-06,Thailand,Lotus,ฮิลไทรบ์ไข่ไก่ออร์แกนิค แพ็ค10ฟอง,organic,FALSE,Has commitment and is reporting,1,0,0,0,1,0,0,0
2025-06,Thailand,Lotus,อัคราไข่ไก่สดเบอร์ 3 X10 ฟอง,insufficient information,FALSE,Has commitment and is reporting,0,0,0,0,0,0,0,1
2025-06,Thailand,Lotus,ซีพี ไข่ไก่สดฝาครอบ เบอร์ 3 แพ็ค 30 ฟอง,insufficient information,FALSE,Has commitment and is reporting,0,0,0,0,0,0,0,1
2025-06,Thailand,Lotus,เบทาโกร ไข่ไก่สดไวต้า เอ แอคทีฟ แพ็ค 10,insufficient information,FALSE,Has commitment and is reporting,0,0,0,0,0,0,0,1
2025-06,Thailand,Lotus,เบทาโกร ไข่ไก่เบอร์ 1 แพ็ค 6 ฟอง,insufficient information,FALSE,Has commitment and is reporting,0,0,0,0,0,0,0,1
2025-06,Thailand,Lotus,โลตัสไข่ไก่ฝาครอบเบอร์ 2 X 30 ฟอง,insufficient information,FALSE,Has commitment and is reporting,0,0,0,0,0,0,0,1
2025-06,Thailand,Lotus,ซีพี ซีเล็คชั่น ไข่ไก่สด เบอร์ 4 แพ็ค 10,insufficient information,FALSE,Has commitment and is reporting,0,0,0,0,0,0,0,1
2025-06,Thailand,Lotus,ซีพี ไข่ไก่สดฝาครอบ เบอร์ 4 แพ็ค 30 ฟอง,insufficient information,FALSE,Has commitment and is reporting,0,0,0,0,0,0,0,1
2025-06,Thailand,Lotus,เคซีเอฟ ไข่ไก่ฟรีแลนซ์ แพ็ค 10 ฟอง,free-range,FALSE,Has commitment and is reporting,1,0,0,1,0,0,0,0
2025-06,Thailand,Lotus,ซีพี ซีเล็คชั่น ไข่ไก่สด เบอร์ 1 แพ็ค 10,insufficient information,FALSE,Has commitment and is reporting,0,0,0,0,0,0,0,1
2025-06,Thailand,Lotus,เคซีเอฟ ไข่ไก่อนามัยแม่ไก่สาว (S) 10 ฟอง,insufficient information,FALSE,Has commitment and is reporting,0,0,0,0,0,0,0,1
2025-06,Thailand,Lotus,เบทาโกร ไข่ไก่เคจ ฟรี แพ็ค 10 ฟอง,cage-free not identified,FALSE,Has commitment and is reporting,1,0,0,0,0,1,0,0
2025-06,Thailand,Lotus,เคซีเอฟ เบรนพลัส แพ็ค 10 ฟอง,insufficient information,FALSE,Has commitment and is reporting,0,0,0,0,0,0,0,1
2025-06,Thailand,Lotus,โลตัสไข่ไก่ฝาครอบเบอร์ 5 X 30 ฟอง,insufficient information,FALSE,Has commitment and is reporting,0,0,0,0,0,0,0,1
2025-06,Thailand,Lotus,เบทาโกร ไข่ไก่สด ยัมมี่ แพ็ค 10 ฟอง,insufficient information,FALSE,Has commitment and is reporting,0,0,0,0,0,0,0,1
2025-06,Thailand,Tops Market (Central Food Retail),S Pure Medium Eggs Pack 10pcs.,insufficient information,FALSE,Has commitment and is reporting,0,0,0,0,0,0,0,1
2025-06,Thailand,Tops Market (Central Food Retail),C.P. Egg No.0 Pack 10pcs.,insufficient information,FALSE,Has commitment and is reporting,0,0,0,0,0,0,0,1
2025-06,Thailand,Tops Market (Central Food Retail),Tops Fresh Hen Eggs No.1 Pack 30pcs.,insufficient information,FALSE,Has commitment and is reporting,0,0,0,0,0,0,0,1
2025-06,Thailand,Tops Market (Central Food Retail),Tops Egg No.1 Pack 10pcs.,insufficient information,FALSE,Has commitment and is reporting,0,0,0,0,0,0,0,1
2025-06,Thailand,Tops Market (Central Food Retail),Betagro Egg No.2 Pack 30pcs.,insufficient information,FALSE,Has commitment and is reporting,0,0,0,0,0,0,0,1
2025-06,Thailand,Tops Market (Central Food Retail),S Pure Jumbo Eggs Pack 6pcs.,insufficient information,FALSE,Has commitment and is reporting,0,0,0,0,0,0,0,1
2025-06,Thailand,Tops Market (Central Food Retail),Tops Fresh Hen Eggs No.0 Pack 10pcs.,insufficient information,FALSE,Has commitment and is reporting,0,0,0,0,0,0,0,1
2025-06,Thailand,Tops Market (Central Food Retail),Akara Eggology Organic Eggs Pack 10pcs.,organic,FALSE,Has commitment and is reporting,1,0,0,0,1,0,0,0
2025-06,Thailand,Tops Market (Central Food Retail),Betagro Egg No.1 Pack 30pcs.,insufficient information,FALSE,Has commitment and is reporting,0,0,0,0,0,0,0,1
2025-06,Thailand,Tops Market (Central Food Retail),Betagro Cage Free Egg Pack 10pcs.,cage-free not identified,FALSE,Has commitment and is reporting,1,0,0,0,0,1,0,0
2025-06,Thailand,Tops Market (Central Food Retail),U Farm Cage Free Egg Pack 10pcs.,cage-free not identified,FALSE,Has commitment and is reporting,1,0,0,0,0,1,0,0
2025-06,Thailand,Tops Market (Central Food Retail),Betagro Egg No.1 Pack 10pcs.,insufficient information,FALSE,Has commitment and is reporting,0,0,0,0,0,0,0,1
2025-06,Thailand,Tops Market (Central Food Retail),Betagro Pullet Egg Pack 30pcs.,insufficient information,FALSE,Has commitment and is reporting,0,0,0,0,0,0,0,1
2025-06,Thailand,Tops Market (Central Food Retail),Tops Egg No.2 Pack 12pcs.,insufficient information,FALSE,Has commitment and is reporting,0,0,0,0,0,0,0,1
2025-06,Thailand,Tops Market (Central Food Retail),My Choice Free Range Eggs Pack 10pcs.,free-range,FALSE,Has commitment and is reporting,1,0,0,1,0,0,0,0
2025-06,Thailand,Tops Market (Central Food Retail),My Choice Fresh Organic Eggs Pack 10pcs.,organic,FALSE,Has commitment and is reporting,1,0,0,0,1,0,0,0
2025-06,Thailand,Tops Market (Central Food Retail),Betagro Egg No.0 Pack 30pcs.,insufficient information,FALSE,Has commitment and is reporting,0,0,0,0,0,0,0,1
2025-06,Thailand,Tops Market (Central Food Retail),Betagro Egg No.0 Pack 10pcs.,insufficient information,FALSE,Has commitment and is reporting,0,0,0,0,0,0,0,1
2025-06,Thailand,Tops Market (Central Food Retail),OVF Egg White 450ml.,insufficient information,FALSE,Has commitment and is reporting,0,0,0,0,0,0,0,1
2025-06,Thailand,Tops Market (Central Food Retail),Organics and Co Free Range Eggs Pack 10pcs.,free-range,FALSE,Has commitment and is reporting,1,0,0,1,0,0,0,0
2025-06,Thailand,Tops Market (Central Food Retail),Betagro Pullet Eggs Pack 10pcs.,insufficient information,FALSE,Has commitment and is reporting,0,0,0,0,0,0,0,1
2025-06,Thailand,Tops Market (Central Food Retail),Betagro Egg No.2 Pack 10pcs.,insufficient information,FALSE,Has commitment and is reporting,0,0,0,0,0,0,0,1
2025-06,Thailand,Tops Market (Central Food Retail),Tops Fresh Duck Eggs No.3 Pack 6pcs.,insufficient information,FALSE,Has commitment and is reporting,0,0,0,0,0,0,0,1
2025-06,Thailand,Tops Market (Central Food Retail),Akara Fresh Hen Egg No.1 Pack 10pcs.,insufficient information,FALSE,Has commitment and is reporting,0,0,0,0,0,0,0,1
2025-06,Thailand,Tops Market (Central Food Retail),Beindy Country Farms Pasture Raised Eggs Pack 10pcs.,free-range,FALSE,Has commitment and is reporting,1,0,0,1,0,0,0,0
2025-06,Thailand,Tops Market (Central Food Retail),Mori Tama Fresh Eggs No.2 pack 10pcs.,insufficient information,FALSE,Has commitment and is reporting,0,0,0,0,0,0,0,1
2025-06,Thailand,Tops Market (Central Food Retail),Chao Sua Preserved Egg Pack 4pcs.,insufficient information,FALSE,Has commitment and is reporting,0,0,0,0,0,0,0,1
2025-06,Thailand,Tops Market (Central Food Retail),Natural and Premium Organic Egg Medium Size Pack 10pcs.(C,organic,FALSE,Has commitment and is reporting,1,0,0,0,1,0,0,0
2025-06,Thailand,Tops Market (Central Food Retail),Hilltribe Organic Eggs Pack 6pcs.,organic,FALSE,Has commitment and is reporting,1,0,0,0,1,0,0,0
2025-06,Thailand,Tops Market (Central Food Retail),Egg My God Egg Free Range Mixed 12pcs.(C,free-range,FALSE,Has commitment and is reporting,1,0,0,1,0,0,0,0
2025-06,Thailand,Tops Market (Central Food Retail),Tops Egg No.1 Pack 6pcs.,insufficient information,FALSE,Has commitment and is reporting,0,0,0,0,0,0,0,1
2025-06,Thailand,Tops Market (Central Food Retail),Tops Salted Eggs Pack 4pcs.,insufficient information,FALSE,Has commitment and is reporting,0,0,0,0,0,0,0,1
2025-06,Thailand,Tops Market (Central Food Retail),Golden Lay Egg Folate Size L Pack 10pcs.,insufficient information,FALSE,Has commitment and is reporting,0,0,0,0,0,0,0,1
2025-06,Thailand,Tops Market (Central Food Retail),Akara Fresh Hen Egg No.2 Pack 10pcs.,insufficient information,FALSE,Has commitment and is reporting,0,0,0,0,0,0,0,1
2025-06,Thailand,Tops Market (Central Food Retail),S Pure Onsen Egg Pack 4pcs.,insufficient information,FALSE,Has commitment and is reporting,0,0,0,0,0,0,0,1
2025-06,Thailand,Tops Market (Central Food Retail),Tops Preserved Eggs Pack 4pcs.,insufficient information,FALSE,Has commitment and is reporting,0,0,0,0,0,0,0,1
2025-06,Thailand,Tops Market (Central Food Retail),Akara Eggology Veggie Eggs Pack 10pcs.,insufficient information,FALSE,Has commitment and is reporting,0,0,0,0,0,0,0,1
2025-06,Thailand,Tops Market (Central Food Retail),Natural and Premium Organic Egg Pack 10pcs.(C,organic,FALSE,Has commitment and is reporting,1,0,0,0,1,0,0,0
2025-06,Thailand,Tops Market (Central Food Retail),Tops Fresh Hen Eggs Omega3 No.2 pack 10pcs.,insufficient information,FALSE,Has commitment and is reporting,0,0,0,0,0,0,0,1
2025-06,Thailand,Tops Market (Central Food Retail),Akkra Egg CageFree Mixed Size Pack 10pcs.,cage-free not identified,FALSE,Has commitment and is reporting,1,0,0,0,0,1,0,0
2025-06,Thailand,Tops Market (Central Food Retail),Chao Sua Egg In Potash Pack 4pcs.,insufficient information,FALSE,Has commitment and is reporting,0,0,0,0,0,0,0,1
2025-06,Thailand,Tops Market (Central Food Retail),Akara Farm Egg No.2 Pack 30pcs.,insufficient information,FALSE,Has commitment and is reporting,0,0,0,0,0,0,0,1
2025-06,Thailand,Tops Market (Central Food Retail),Natural and Premium Organic Egg Pack 6pcs.(C,organic,FALSE,Has commitment and is reporting,1,0,0,0,1,0,0,0
2025-06,Thailand,Tops Market (Central Food Retail),KCF Brain Plus Eggs Pack 10pcs.,cage-free not identified,FALSE,Has commitment and is reporting,1,0,0,0,0,1,0,0
2025-06,Thailand,Villa Market,Eggs Pack 10,insufficient information,FALSE,Has no commitment and is not reporting,0,0,0,0,0,0,0,1
2025-06,Thailand,Villa Market,Eggs Tama,insufficient information,FALSE,Has no commitment and is not reporting,0,0,0,0,0,0,0,1
2025-06,Thailand,Villa Market,Jumbo Eggs,insufficient information,FALSE,Has no commitment and is not reporting,0,0,0,0,0,0,0,1
2025-06,Thailand,Villa Market,Medium Eggs,insufficient information,FALSE,Has no commitment and is not reporting,0,0,0,0,0,0,0,1
2025-06,Thailand,Villa Market,Eggs,insufficient information,FALSE,Has no commitment and is not reporting,0,0,0,0,0,0,0,1
2025-06,Thailand,Villa Market,Eggs,insufficient information,FALSE,Has no commitment and is not reporting,0,0,0,0,0,0,0,1
2025-06,Thailand,Villa Market,Eggs No.0,insufficient information,FALSE,Has no commitment and is not reporting,0,0,0,0,0,0,0,1
2025-06,Thailand,Villa Market,Eggs No.1,insufficient information,FALSE,Has no commitment and is not reporting,0,0,0,0,0,0,0,1
2025-06,Thailand,Villa Market,Eggs No.2,insufficient information,FALSE,Has no commitment and is not reporting,0,0,0,0,0,0,0,1
2025-06,Thailand,Villa Market,Eggs No.3,insufficient information,FALSE,Has no commitment and is not reporting,0,0,0,0,0,0,0,1
2025-06,Thailand,Villa Market,Eggs No.3,insufficient information,FALSE,Has no commitment and is not reporting,0,0,0,0,0,0,0,1
2025-06,Thailand,Villa Market,Eggs No.2,insufficient information,FALSE,Has no commitment and is not reporting,0,0,0,0,0,0,0,1
2025-06,Thailand,Villa Market,First Born Eggs,insufficient information,FALSE,Has no commitment and is not reporting,0,0,0,0,0,0,0,1
2025-06,Thailand,Villa Market,Cage Free Eggs,cage-free not identified,FALSE,Has no commitment and is not reporting,1,0,0,0,0,1,0,0
2025-06,Thailand,Villa Market,Soft Boiled Eggs,insufficient information,FALSE,Has no commitment and is not reporting,0,0,0,0,0,0,0,1
2025-06,Thailand,Villa Market,Veggie Eggology Eggs,insufficient information,FALSE,Has no commitment and is not reporting,0,0,0,0,0,0,0,1
2025-06,Thailand,Villa Market,Organic Eggs,organic,FALSE,Has no commitment and is not reporting,1,0,0,0,1,0,0,0
2025-06,Thailand,Villa Market,Eggs No 1,insufficient information,FALSE,Has no commitment and is not reporting,0,0,0,0,0,0,0,1
2025-06,Thailand,Villa Market,Eggs No 0,insufficient information,FALSE,Has no commitment and is not reporting,0,0,0,0,0,0,0,1
2025-06,Thailand,Villa Market,Benja Omega 3 Eggs Fresh,insufficient information,FALSE,Has no commitment and is not reporting,0,0,0,0,0,0,0,1
2025-06,Thailand,Villa Market,Jumbo Eggs No.0,insufficient information,FALSE,Has no commitment and is not reporting,0,0,0,0,0,0,0,1
2025-06,Thailand,Villa Market,Organic Eggs,organic,FALSE,Has no commitment and is not reporting,1,0,0,0,1,0,0,0
2025-06,Thailand,Villa Market,Organic Eggs,organic,FALSE,Has no commitment and is not reporting,1,0,0,0,1,0,0,0
2025-06,Thailand,Villa Market,Onsen Eggs,insufficient information,FALSE,Has no commitment and is not reporting,0,0,0,0,0,0,0,1
2025-06,Thailand,Villa Market,Onsen Eggs Pack2,insufficient information,FALSE,Has no commitment and is not reporting,0,0,0,0,0,0,0,1
2025-06,Thailand,Villa Market,Cage Free Eggs No 1,cage-free not identified,FALSE,Has no commitment and is not reporting,1,0,0,0,0,1,0,0
2025-06,Thailand,Villa Market,Ocha Eggs,insufficient information,FALSE,Has no commitment and is not reporting,0,0,0,0,0,0,0,1
2025-06,Thailand,Villa Market,Yummy Eggs Mixed Size Pack 10,insufficient information,FALSE,Has no commitment and is not reporting,0,0,0,0,0,0,0,1
2025-06,Thailand,Villa Market,Rich Yolk Eggs Mixed Size Pack 10,insufficient information,FALSE,Has no commitment and is not reporting,0,0,0,0,0,0,0,1
2025-06,Thailand,Villa Market,Omega 3 & Vitamin E Eggs Pack 10,insufficient information,FALSE,Has no commitment and is not reporting,0,0,0,0,0,0,0,1
2025-06,Thailand,Villa Market,Hygenic Eggs No.2,insufficient information,FALSE,Has no commitment and is not reporting,0,0,0,0,0,0,0,1
2025-06,Thailand,Villa Market,Eggs No 1,insufficient information,FALSE,Has no commitment and is not reporting,0,0,0,0,0,0,0,1
2025-06,Thailand,Villa Market,Fresh Egg No 3,insufficient information,FALSE,Has no commitment and is not reporting,0,0,0,0,0,0,0,1
2025-06,Thailand,Villa Market,Cage Free Eggs,cage-free not identified,FALSE,Has no commitment and is not reporting,1,0,0,0,0,1,0,0
2025-06,Thailand,Villa Market,Organic Eggs,organic,FALSE,Has no commitment and is not reporting,1,0,0,0,1,0,0,0
2025-06,Thailand,Villa Market,Eggs Vita A Beauty Mix Size,insufficient information,FALSE,Has no commitment and is not reporting,0,0,0,0,0,0,0,1
2025-06,Thailand,Villa Market,Eggs Vita A Active Mix Size,insufficient information,FALSE,Has no commitment and is not reporting,0,0,0,0,0,0,0,1
2025-06,Thailand,Villa Market,Eggs Vita A Brain Mix Size,insufficient information,FALSE,Has no commitment and is not reporting,0,0,0,0,0,0,0,1
2025-06,Thailand,Villa Market,Extra Large Eggs No.1,insufficient information,FALSE,Has no commitment and is not reporting,0,0,0,0,0,0,0,1
2025-06,Thailand,Villa Market,Super Jumbo Eggs,insufficient information,FALSE,Has no commitment and is not reporting,0,0,0,0,0,0,0,1
2025-06,Thailand,Villa Market,Organic Eggs,organic,FALSE,Has no commitment and is not reporting,1,0,0,0,1,0,0,0
2025-06,Thailand,Villa Market,Fresh Quail Egg (15eggs),insufficient information,FALSE,Has no commitment and is not reporting,0,0,0,0,0,0,0,1
2025-06,Thailand,Villa Market,Pasteurized Liquid Egg White,insufficient information,FALSE,Has no commitment and is not reporting,0,0,0,0,0,0,0,1
2025-06,Thailand,Villa Market,Fresh Eggs No.1,insufficient information,FALSE,Has no commitment and is not reporting,0,0,0,0,0,0,0,1
2025-06,Turkey,Bizim Toptan,Aytaç Yumurta Beyaz M 30'lu,insufficient information,FALSE,Has no commitment and is not reporting,0,0,0,0,0,0,0,1
2025-06,Turkey,Bizim Toptan,Oytun Yumurta M 30'lu,insufficient information,FALSE,Has no commitment and is not reporting,0,0,0,0,0,0,0,1
2025-06,Turkey,Bizim Toptan,Aytaç Yumurta Beyaz L 30'lu,insufficient information,FALSE,Has no commitment and is not reporting,0,0,0,0,0,0,0,1
2025-06,Turkey,Bizim Toptan,Aytaç Yumurta Beyaz L 15'li,insufficient information,FALSE,Has no commitment and is not reporting,0,0,0,0,0,0,0,1
2025-06,Turkey,Carrefour,Carrefour Yumurta 15'li L Boy,insufficient information,FALSE,Has no commitment and is not reporting,0,0,0,0,0,0,0,1
2025-06,Turkey,Carrefour,Carrefour Bio Organik Yumurta 10'lu,organic,FALSE,Has no commitment and is not reporting,1,0,0,0,1,0,0,0
2025-06,Turkey,Carrefour,Carrefour Yumurta 30'lu M Boy,insufficient information,FALSE,Has no commitment and is not reporting,0,0,0,0,0,0,0,1
2025-06,Turkey,Carrefour,Carrefour Gezen Tavuk Yumurtası 10 Adet M Boy,free-range,FALSE,Has no commitment and is not reporting,1,0,0,1,0,0,0,0
2025-06,Turkey,Carrefour,Carrefour Kafessiz Yumurta 30'Lu M Boy,cage-free not identified,FALSE,Has no commitment and is not reporting,1,0,0,0,0,1,0,0
2025-06,Turkey,Carrefour,Carrefour Gezen Tavuk Yumurtası 15'li M Boy,free-range,FALSE,Has no commitment and is not reporting,1,0,0,1,0,0,0,0
2025-06,Turkey,Carrefour,Flotty Organik Yumurta M Boy 10'lu No:0,organic,FALSE,Has no commitment and is not reporting,1,0,0,0,1,0,0,0
2025-06,Turkey,Carrefour,Raya Organik Yumurta 8'li No:0,organic,FALSE,Has no commitment and is not reporting,1,0,0,0,1,0,0,0
2025-06,Turkey,Carrefour,Carrefour Bio Organik Yumurta 6'lı,organic,FALSE,Has no commitment and is not reporting,1,0,0,0,1,0,0,0
2025-06,Turkey,Carrefour,Kumbasar Kahverengi Yumurta 53-62 g 10'lu No:3,insufficient information,FALSE,Has no commitment and is not reporting,0,0,0,0,0,0,0,1
2025-06,Turkey,Carrefour,Kumbasar Jumbo 10'lu Yumurta 73 g Üstü No:3,insufficient information,FALSE,Has no commitment and is not reporting,0,0,0,0,0,0,0,1
2025-06,Turkey,Carrefour,Kumbasar 30'lu Yumurta 53-62 g No:3,insufficient information,FALSE,Has no commitment and is not reporting,0,0,0,0,0,0,0,1
2025-06,Turkey,Carrefour,Doğalım Yumurta 15'li 53-62 g No:3,insufficient information,FALSE,Has no commitment and is not reporting,0,0,0,0,0,0,0,1
2025-06,Turkey,Carrefour,Raya Gezen Tavuk Yumurtası 10'lu M Boy 53-62 g No:1,insufficient information,FALSE,Has no commitment and is not reporting,0,0,0,0,0,0,0,1
2025-06,Turkey,Carrefour,Kumbasar Yumurta 30'lu 63-72 g No:3,insufficient information,FALSE,Has no commitment and is not reporting,0,0,0,0,0,0,0,1
2025-06,Turkey,Carrefour,Kumbasar 6'lı Yumurta 53-62 g No:3,insufficient information,FALSE,Has no commitment and is not reporting,0,0,0,0,0,0,0,1
2025-06,Turkey,Carrefour,Flotty Sports Organik Yumurta 10’Lu 53-63 No:0,organic,FALSE,Has no commitment and is not reporting,1,0,0,0,1,0,0,0
2025-06,Turkey,Carrefour,Flotty Baby Organik Yumurta 10’Lu 53-62 No:0,organic,FALSE,Has no commitment and is not reporting,1,0,0,0,1,0,0,0
2025-06,Turkey,Carrefour,Doğalım Yumurta 6'lı 53-62 g No:3,insufficient information,FALSE,Has no commitment and is not reporting,0,0,0,0,0,0,0,1
2025-06,Turkey,Carrefour,Kumbasar Yumurta 15'li 63-72 g No:3,insufficient information,FALSE,Has no commitment and is not reporting,0,0,0,0,0,0,0,1
2025-06,Turkey,Carrefour,Flotty Herbs Organik Yumurta 10’Lu 53-62 No:0,organic,FALSE,Has no commitment and is not reporting,1,0,0,0,1,0,0,0
2025-06,Turkey,Carrefour,Sade Organik Yumurta 10'lu No:0,organic,FALSE,Has no commitment and is not reporting,1,0,0,0,1,0,0,0
2025-06,Turkey,Carrefour,Freelife Beyaz Yumurta 30'Lu M 53-62 Gr,insufficient information,FALSE,Has no commitment and is not reporting,0,0,0,0,0,0,0,1
2025-06,Turkey,Onur,Keskinoğlu Yumurta 10'lu 53-63 gr,insufficient information,FALSE,Has no commitment and is not reporting,0,0,0,0,0,0,0,1
2025-06,Turkey,Onur,Keskinoğlu Yumurta 20'li (L) 63-73 gr,insufficient information,FALSE,Has no commitment and is not reporting,0,0,0,0,0,0,0,1
2025-06,Turkey,Onur,Taze Pazar Organik Yumurta 10'lu,organic,FALSE,Has no commitment and is not reporting,1,0,0,0,1,0,0,0
2025-06,Turkey,Onur,Taze Pazar Günlük Tavuk Yumurtası 15'li,insufficient information,FALSE,Has no commitment and is not reporting,0,0,0,0,0,0,0,1
2025-06,Turkey,Onur,Keskinoğlu Yumurta 15'li 53-63 gr,insufficient information,FALSE,Has no commitment and is not reporting,0,0,0,0,0,0,0,1
2025-06,Turkey,Onur,Keskinoğlu Yumurta 10'lu Gezgin,free-range,FALSE,Has no commitment and is not reporting,1,0,0,1,0,0,0,0
2025-06,Turkey,Onur,Dimetta Organik Yumurta 10'Lu,organic,FALSE,Has no commitment and is not reporting,1,0,0,0,1,0,0,0
2025-06,Turkey,Onur,Coşkun Yumurta Organik 10'Lu 53-62 gr,organic,FALSE,Has no commitment and is not reporting,1,0,0,0,1,0,0,0
2025-06,Turkey,Onur,Coşkun Yumurta Kahverengi 53-62 gr 15'li,insufficient information,FALSE,Has no commitment and is not reporting,0,0,0,0,0,0,0,1
2025-06,Turkey,Onur,Coşkun Yumurta 10'Lu 53-62 gr,insufficient information,FALSE,Has no commitment and is not reporting,0,0,0,0,0,0,0,1
2025-06,Turkey,Onur,Coşkun Yumurta 63-72 gr 20'li,insufficient information,FALSE,Has no commitment and is not reporting,0,0,0,0,0,0,0,1
2025-06,Turkey,Onur,Sade Organik Yumurta 10'lu M,organic,FALSE,Has no commitment and is not reporting,1,0,0,0,1,0,0,0
2025-06,Turkey,Onur,Sade Gezen Yumurta 15'li,free-range,FALSE,Has no commitment and is not reporting,1,0,0,1,0,0,0,0
2025-06,Turkey,Onur,Naturaköy Gezen Yumurta M 15'li,free-range,FALSE,Has no commitment and is not reporting,1,0,0,1,0,0,0,0
2025-06,Turkey,Onur,Naturaköy Yumurta Selenyum M 15'li,insufficient information,FALSE,Has no commitment and is not reporting,0,0,0,0,0,0,0,1
2025-06,Turkey,Onur,Onur Bereket Yumurta 30'lu 53-63 gr,insufficient information,FALSE,Has no commitment and is not reporting,0,0,0,0,0,0,0,1
2025-06,Turkey,Onur,Coşkun Yumurta 30'lu 53-63 gr,insufficient information,FALSE,Has no commitment and is not reporting,0,0,0,0,0,0,0,1
2025-06,Turkey,Onur,Coşkun Yumurta 10'Lu Jumbo,insufficient information,FALSE,Has no commitment and is not reporting,0,0,0,0,0,0,0,1
2025-06,Turkey,Onur,Akbey Yumurta L Boy 20'li 63-73 gr,insufficient information,FALSE,Has no commitment and is not reporting,0,0,0,0,0,0,0,1
2025-06,Turkey,Onur,Naturaköy Gezen Yumurta 10'lu,free-range,FALSE,Has no commitment and is not reporting,1,0,0,1,0,0,0,0
2025-06,Turkey,Onur,Onur Bereket Organik Yumurta 10'lu,organic,FALSE,Has no commitment and is not reporting,1,0,0,0,1,0,0,0
2025-06,United States,ALDI,"Cage Free Large Eggs - Grade A, 1 dozen",cage-free not identified,FALSE,Has commitment but is not reporting,1,0,0,0,0,1,0,0
2025-06,United States,ALDI,"Free Range Large Brown Grade A Eggs, 12 count",free-range,FALSE,Has commitment but is not reporting,1,0,0,1,0,0,0,0
2025-06,United States,ALDI,"Grade A Large White Eggs, 1 dozen",insufficient information,FALSE,Has commitment but is not reporting,0,0,0,0,0,0,0,1
2025-06,United States,ALDI,"Organic Cage Free Brown Eggs, 1 dozen",free-range,FALSE,Has commitment but is not reporting,1,0,0,1,0,0,0,0
2025-06,United States,ALDI,"Liquid Egg Whites, 32 oz",insufficient information,FALSE,Has commitment but is not reporting,0,0,0,0,0,0,0,1
2025-06,United States,ALDI,"Pasture Raised Large Brown Eggs Grade A, 12 count",free-range,FALSE,Has commitment but is not reporting,1,0,0,1,0,0,0,0
2025-06,United States,Giant Eagle,"Hillandale Farms Eggs, Large White, Farm Fresh",insufficient information,FALSE,Has commitment but is not reporting,0,0,0,0,0,0,0,1
2025-06,United States,Giant Eagle,"Giant Eagle Cage Free White Eggs, Large",cage-free not identified,FALSE,Has commitment but is not reporting,1,0,0,0,0,1,0,0
2025-06,United States,Giant Eagle,"Hillandale Farms Eggs, Large White, Farm Fresh",insufficient information,FALSE,Has commitment but is not reporting,0,0,0,0,0,0,0,1
2025-06,United States,Giant Eagle,"Giant Eagle Cage Free Brown Eggs, Large",cage-free not identified,FALSE,Has commitment but is not reporting,1,0,0,0,0,1,0,0
2025-06,United States,Giant Eagle,Crystal Spring Large White Eggs 12Ct,insufficient information,FALSE,Has commitment but is not reporting,0,0,0,0,0,0,0,1
2025-06,United States,Giant Eagle,"Nature's Basket Large Eggs, Free Range, Brown, Grade A, Dozen",free-range,FALSE,Has commitment but is not reporting,1,0,0,1,0,0,0,0
2025-06,United States,Giant Eagle,Crystal Spring Large White Eggs 18Ct,insufficient information,FALSE,Has commitment but is not reporting,0,0,0,0,0,0,0,1
2025-06,United States,Giant Eagle,"Eggland's Best Classic Large White Eggs, 12 Count",insufficient information,FALSE,Has commitment but is not reporting,0,0,0,0,0,0,0,1
2025-06,United States,Giant Eagle,Eggland's Best 18ct Large White Eggs,insufficient information,FALSE,Has commitment but is not reporting,0,0,0,0,0,0,0,1
2025-06,United States,Giant Eagle,Vital Farms Organic Pasture-Raised Large Eggs,free-range,FALSE,Has commitment but is not reporting,1,0,0,1,0,0,0,0
2025-06,United States,Giant Eagle,Eggland's Best 12ct Extra Large White Eggs,insufficient information,FALSE,Has commitment but is not reporting,0,0,0,0,0,0,0,1
2025-06,United States,Giant Eagle,"Happy Egg Co. Free Range Eggs, Grade A, Brown, Organic, Large, 12 Count",free-range,FALSE,Has commitment but is not reporting,1,0,0,1,0,0,0,0
2025-06,United States,Giant Eagle,Vital Farms Pasture Raised Large Grade A Eggs,free-range,FALSE,Has commitment but is not reporting,1,0,0,1,0,0,0,0
2025-06,United States,Giant Eagle,Crystal Spring Large Eggs,insufficient information,FALSE,Has commitment but is not reporting,0,0,0,0,0,0,0,1
2025-06,United States,Giant Eagle,"Happy Egg Co. Free Range Eggs, Brown, Large, Grade A ,12 Count",free-range,FALSE,Has commitment but is not reporting,1,0,0,1,0,0,0,0
2025-06,United States,Giant Eagle,Hillandale Farms Jumbo Eggs 1 Dozen,insufficient information,FALSE,Has commitment but is not reporting,0,0,0,0,0,0,0,1
2025-06,United States,Giant Eagle,Crystal Spring Jumbo White Eggs 12Ct,insufficient information,FALSE,Has commitment but is not reporting,0,0,0,0,0,0,0,1
2025-06,United States,Giant Eagle,"Pete And Gerry's Eggs, Pasture Raised, Brown, Large",free-range,FALSE,Has commitment but is not reporting,1,0,0,1,0,0,0,0
2025-06,United States,Giant Eagle,Hillandale Farms Large Eggs,insufficient information,FALSE,Has commitment but is not reporting,0,0,0,0,0,0,0,1
2025-06,United States,Giant Eagle,"Happy Egg Co. Free Range Eggs, Brown, Large, Grade A,18 Count",free-range,FALSE,Has commitment but is not reporting,1,0,0,1,0,0,0,0
2025-06,United States,Giant Eagle,Eggland's Best Organic 12ct Large Brown Eggs,organic,FALSE,Has commitment but is not reporting,1,0,0,0,1,0,0,0
2025-06,United States,Giant Eagle,"Eggland's Best Cage Free Large Brown Eggs, 12 Count",cage-free not identified,FALSE,Has commitment but is not reporting,1,0,0,0,0,1,0,0
2025-06,United States,Giant Eagle,Nellies Nellie's Free Range Eggs,free-range,FALSE,Has commitment but is not reporting,1,0,0,1,0,0,0,0
2025-06,United States,Giant Eagle,"Giant Eagle Large Brown Eggs, Cage Free, Grade A",cage-free not identified,FALSE,Has commitment but is not reporting,1,0,0,0,0,1,0,0
2025-06,United States,Giant Eagle,"Nature's Basket Large Eggs, Organic, Cage Free, Brown, Grade A, Dozen",organic,FALSE,Has commitment but is not reporting,1,0,0,0,1,0,0,0
2025-06,United States,Giant Eagle,"Vital Farms Eggs, Pasture-Raised, Large",free-range,FALSE,Has commitment but is not reporting,1,0,0,1,0,0,0,0
2025-06,United States,Giant Eagle,"Hillandale Farms Eggs, Large",insufficient information,FALSE,Has commitment but is not reporting,0,0,0,0,0,0,0,1
2025-06,United States,Giant Eagle,Crystal Spring Large Eggs,insufficient information,FALSE,Has commitment but is not reporting,0,0,0,0,0,0,0,1
2025-06,United States,Giant Eagle,Steiners Cage Free Large Eggs 1 Dozen,cage-free not identified,FALSE,Has commitment but is not reporting,1,0,0,0,0,1,0,0
2025-06,United States,Giant Eagle,Cs Cage Free Large White,cage-free not identified,FALSE,Has commitment but is not reporting,1,0,0,0,0,1,0,0
2025-06,United States,Giant Eagle,Brunty Farms Pasture Brown Eggs,free-range,FALSE,Has commitment but is not reporting,1,0,0,1,0,0,0,0
2025-06,United States,Giant Eagle,"Happy Egg Co Free Range Eggs, Heritage Breed Blue & Brown, Grade A, 12 Count",free-range,FALSE,Has commitment but is not reporting,1,0,0,1,0,0,0,0
2025-06,United States,Giant Eagle,"Copia Farms Local, Pasture-Raised, Eggs",free-range,FALSE,Has commitment but is not reporting,1,0,0,1,0,0,0,0
2025-06,United States,Giant Eagle,"Jubilee Hilltop Ranch Eggs, Farm Fresh Local",insufficient information,FALSE,Has commitment but is not reporting,0,0,0,0,0,0,0,1
2025-06,United States,Giant Eagle,Hillandale Farms Extra Large Eggs 1 Dozen,insufficient information,FALSE,Has commitment but is not reporting,0,0,0,0,0,0,0,1
2025-06,United States,Giant Eagle,"Pine View Pastures Eggs, Ungraded, Brown, Open Range",free-range,FALSE,Has commitment but is not reporting,1,0,0,1,0,0,0,0
2025-06,United States,Giant Eagle,Seven Sons 7S Eggs Large,insufficient information,FALSE,Has commitment but is not reporting,0,0,0,0,0,0,0,1
2025-06,United States,Giant Eagle,Steiners Cage Free Jumbo Eggs 1 Dozen,cage-free not identified,FALSE,Has commitment but is not reporting,1,0,0,0,0,1,0,0
2025-06,United States,Giant Eagle,"Robinson Farms Duck Eggs, Cage Free",cage-free not identified,FALSE,Has commitment but is not reporting,1,0,0,0,0,1,0,0
2025-06,United States,Giant Eagle,Organic Pasture Heirloom Eggs,organic,FALSE,Has commitment but is not reporting,1,0,0,0,1,0,0,0
2025-06,United States,Giant Eagle,Robinson Farms Quail Eggs,insufficient information,FALSE,Has commitment but is not reporting,0,0,0,0,0,0,0,1
2025-06,United States,Giant Eagle,"Sauders Grade ""A"" Large Eggs",insufficient information,FALSE,Has commitment but is not reporting,0,0,0,0,0,0,0,1
2025-06,United States,Giant Eagle,HILLANDALE EXTRA LARGE EGGS 18 PACK,insufficient information,FALSE,Has commitment but is not reporting,0,0,0,0,0,0,0,1
2025-06,United States,Giant Eagle,"Hillandale Farms Eggs, Cage Free, White, Large",cage-free not identified,FALSE,Has commitment but is not reporting,1,0,0,0,0,1,0,0
2025-06,United States,Giant Eagle,Crystal Springs Cage Free Large Brown,cage-free not identified,FALSE,Has commitment but is not reporting,1,0,0,0,0,1,0,0
2025-06,United States,Giant Eagle,Sunny Harvest Brown Chicken Eggs,insufficient information,FALSE,Has commitment but is not reporting,0,0,0,0,0,0,0,1
2025-06,United States,Kroger,Kroger® Grade A Large White Eggs,insufficient information,FALSE,Has commitment and is reporting,0,0,0,0,0,0,0,1
2025-06,United States,Kroger,Kroger® Grade A Large Eggs,insufficient information,FALSE,Has commitment and is reporting,0,0,0,0,0,0,0,1
2025-06,United States,Kroger,Happy Egg Co.® Free Range Brown Eggs,free-range,FALSE,Has commitment and is reporting,1,0,0,1,0,0,0,0
2025-06,United States,Kroger,Simple Truth™ Natural Cage Free Large Brown Eggs,cage-free not identified,FALSE,Has commitment and is reporting,1,0,0,0,0,1,0,0
2025-06,United States,Kroger,Happy Egg Co.® Free Range Large Brown Eggs,free-range,FALSE,Has commitment and is reporting,1,0,0,1,0,0,0,0
2025-06,United States,Kroger,Pete & Gerry's Organic Free Range Large Eggs,free-range,FALSE,Has commitment and is reporting,1,0,0,1,0,0,0,0
2025-06,United States,Kroger,Happy Egg Co.® Organic Free Range Grade A Eggs,free-range,FALSE,Has commitment and is reporting,1,0,0,1,0,0,0,0
2025-06,United States,Kroger,Kroger® Extra Large White Eggs,insufficient information,FALSE,Has commitment and is reporting,0,0,0,0,0,0,0,1
2025-06,United States,Kroger,Vital Farms® Pasture-Raised Large Brown Eggs,free-range,FALSE,Has commitment and is reporting,1,0,0,1,0,0,0,0
2025-06,United States,Kroger,12 ct | 1 more size,insufficient information,FALSE,Has commitment and is reporting,0,0,0,0,0,0,0,1
2025-06,United States,Kroger,Happy Egg Co.® Organic Free Range Large Brown Eggs,free-range,FALSE,Has commitment and is reporting,1,0,0,1,0,0,0,0
2025-06,United States,Kroger,Kroger® Grade A Jumbo White Eggs,insufficient information,FALSE,Has commitment and is reporting,0,0,0,0,0,0,0,1
2025-06,United States,Kroger,Kroger® Large White Eggs,insufficient information,FALSE,Has commitment and is reporting,0,0,0,0,0,0,0,1
2025-06,United States,Kroger,Vital Farms® Pasture-Raised Large Brown Organic Eggs,free-range,FALSE,Has commitment and is reporting,1,0,0,1,0,0,0,0
2025-06,United States,Kroger,Simple Truth Organic™ Cage Free Grade A Large Brown Eggs,organic,FALSE,Has commitment and is reporting,1,0,0,0,1,0,0,0
2025-06,United States,Kroger,Vital Farms® Pasture-Raised Large Eggs,free-range,FALSE,Has commitment and is reporting,1,0,0,1,0,0,0,0
2025-06,United States,Kroger,18 ct | 1 more size,insufficient information,FALSE,Has commitment and is reporting,0,0,0,0,0,0,0,1
2025-06,United States,Kroger,"Eggland's Best Cage Free Large Brown Eggs, 12 count",cage-free not identified,FALSE,Has commitment and is reporting,1,0,0,0,0,1,0,0
2025-06,United States,Kroger,Simple Truth™ Natural Cage Free Medium Brown Eggs,cage-free not identified,FALSE,Has commitment and is reporting,1,0,0,0,0,1,0,0
2025-06,United States,Kroger,Kroger® Medium Grade A White Eggs,insufficient information,FALSE,Has commitment and is reporting,0,0,0,0,0,0,0,1
2025-06,United States,Kroger,"Eggland's Best 100% USDA Organic Certified Large Brown Eggs, 12 count",organic,FALSE,Has commitment and is reporting,1,0,0,0,1,0,0,0
2025-06,United States,Kroger,Nellie's Free Range Eggs Large,free-range,FALSE,Has commitment and is reporting,1,0,0,1,0,0,0,0
2025-06,United States,Kroger,Kroger® Hard Cooked Peeled Eggs,insufficient information,FALSE,Has commitment and is reporting,0,0,0,0,0,0,0,1
2025-06,United States,Kroger,Vital Farms® XL Pasture-Raised Eggs,free-range,FALSE,Has commitment and is reporting,1,0,0,1,0,0,0,0
2025-06,United States,Kroger,Bob Evans 100% Liquid Egg Whites,cage-free not identified,FALSE,Has commitment and is reporting,1,0,0,0,0,1,0,0
2025-06,United States,Kroger,Simple Truth Organic™ Cage Free 100% Liquid Egg Whites,organic,FALSE,Has commitment and is reporting,1,0,0,0,1,0,0,0
2025-06,United States,Kroger,Simple Truth™ Kipster Large Grade A Eggs,insufficient information,FALSE,Has commitment and is reporting,0,0,0,0,0,0,0,1
2025-06,United States,Kroger,Egglife Original Egg White Wraps,insufficient information,FALSE,Has commitment and is reporting,0,0,0,0,0,0,0,1
2025-06,United States,Kroger,Three Bridges Everything Seasoned Egg Bites made with Egg Whites,insufficient information,FALSE,Has commitment and is reporting,0,0,0,0,0,0,0,1
2025-06,United States,Kroger,Deli Kitchen Peeled Hard-Cooked Eggs 6ct,insufficient information,FALSE,Has commitment and is reporting,0,0,0,0,0,0,0,1
2025-06,United States,Kroger,Deli Kitchen Peeled Hard-Cooked Eggs 2ct,insufficient information,FALSE,Has commitment and is reporting,0,0,0,0,0,0,0,1
2025-06,United States,Kroger,Big John's Pickled Eggs,insufficient information,FALSE,Has commitment and is reporting,0,0,0,0,0,0,0,1
2025-06,United States,Publix,"Publix Eggs, Large",insufficient information,FALSE,Has commitment and is reporting,0,0,0,0,0,0,0,1
2025-06,United States,Publix,"Publix Eggs, Large",insufficient information,FALSE,Has commitment and is reporting,0,0,0,0,0,0,0,1
2025-06,United States,Publix,"Eggland's Best Classic Large White Eggs, 12 count",insufficient information,FALSE,Has commitment and is reporting,0,0,0,0,0,0,0,1
2025-06,United States,Publix,Vital Farms Pasture Raised Large Grade A Eggs,free-range,FALSE,Has commitment and is reporting,1,0,0,1,0,0,0,0
2025-06,United States,Publix,"Publix Eggs, Large",insufficient information,FALSE,Has commitment and is reporting,0,0,0,0,0,0,0,1
2025-06,United States,Publix,"Publix Eggs, Extra Large",insufficient information,FALSE,Has commitment and is reporting,0,0,0,0,0,0,0,1
2025-06,United States,Publix,Just Egg Plant-based egg,insufficient information,FALSE,Has commitment and is reporting,0,0,0,0,0,0,0,1
2025-06,United States,Publix,"Publix Eggs, Large",insufficient information,FALSE,Has commitment and is reporting,0,0,0,0,0,0,0,1
2025-06,United States,Publix,"Manchester Farms Quail Eggs, Fresh",insufficient information,FALSE,Has commitment and is reporting,0,0,0,0,0,0,0,1
2025-06,United States,Publix,"Nellie's Eggs, Brown, Large, Free Range",free-range,FALSE,Has commitment and is reporting,1,0,0,1,0,0,0,0
2025-06,United States,Publix,"Pete & Gerry's Eggs, Organic, Brown, Free Range, Large",free-range,FALSE,Has commitment and is reporting,1,0,0,1,0,0,0,0
2025-06,United States,Publix,"Just Crack An Egg Just Crack an Egg All American Scramble Breakfast Bowl Kit with Potatoes, Sharp Cheddar Cheese, & Uncured Bacon",insufficient information,FALSE,Has commitment and is reporting,0,0,0,0,0,0,0,1
2025-06,United States,Publix,"Bob Evans Egg Whites, 100% Liquid",insufficient information,FALSE,Has commitment and is reporting,0,0,0,0,0,0,0,1
2025-06,United States,Publix,"Eggland's Best Hard Cooked Eggs, Medium White, 6 count",insufficient information,FALSE,Has commitment and is reporting,0,0,0,0,0,0,0,1
2025-06,United States,Publix,"Publix Eggs, Jumbo",insufficient information,FALSE,Has commitment and is reporting,0,0,0,0,0,0,0,1
2025-06,United States,Publix,Vital Farms Organic Pasture-Raised Large Eggs,free-range,FALSE,Has commitment and is reporting,1,0,0,1,0,0,0,0
2025-06,United States,Publix,"Happy Egg Co. Eggs, Free Range, Large, Organic",free-range,FALSE,Has commitment and is reporting,1,0,0,1,0,0,0,0
2025-06,United States,Publix,"Just Crack An Egg Low Carb Egg Kit with Sharp Cheddar Cheese, Pork Sausage & Uncured Bacon",insufficient information,FALSE,Has commitment and is reporting,0,0,0,0,0,0,0,1
2025-06,United States,Publix,Vital Farms 18 ct Pasture Raised Large Grade A Eggs,free-range,FALSE,Has commitment and is reporting,1,0,0,1,0,0,0,0
2025-06,United States,Publix,"Eggland's Best Cage Free Large Brown Eggs, 18 count",cage-free not identified,FALSE,Has commitment and is reporting,1,0,0,0,0,1,0,0
2025-06,United States,Publix,"Eggland's Best Classic Extra Large White Eggs, 18 count",insufficient information,FALSE,Has commitment and is reporting,0,0,0,0,0,0,0,1
2025-06,United States,Publix,"GreenWise Egg Whites, Organic, Liquid",organic,FALSE,Has commitment and is reporting,1,0,0,0,1,0,0,0
2025-06,United States,Publix,"Egg Beaters Liquid Egg Substitute, Original",cage-free not identified,FALSE,Has commitment and is reporting,1,0,0,0,0,1,0,0
2025-06,United States,Publix,"GreenWise Eggs, Organic, Cage-Free, Brown, Large",organic,FALSE,Has commitment and is reporting,1,0,0,0,1,0,0,0
2025-06,United States,Publix,"Eggland's Best Cage Free Large Brown Eggs, 12 count",cage-free not identified,FALSE,Has commitment and is reporting,1,0,0,0,0,1,0,0
2025-06,United States,Publix,Publix Egg Stirs,insufficient information,FALSE,Has commitment and is reporting,0,0,0,0,0,0,0,1
2025-06,United States,Publix,"GreenWise Brown Eggs, Organic, Cage-Free, Large",free-range,FALSE,Has commitment and is reporting,1,0,0,1,0,0,0,0
2025-06,United States,Publix,"Egg Beaters Egg Whites, 100% Real",cage-free not identified,FALSE,Has commitment and is reporting,1,0,0,0,0,1,0,0
2025-06,United States,Publix,"Happy Egg Co. Eggs, Heritage, Blue & Brown, Large",free-range,FALSE,Has commitment and is reporting,1,0,0,1,0,0,0,0
2025-06,United States,Publix,"Eggland's Best 100% USDA Organic Certified Large Brown Eggs, 12 count",organic,FALSE,Has commitment and is reporting,1,0,0,0,1,0,0,0
2025-06,United States,Publix,"NestFresh Eggs, Non-GMO, Brown, Grade A, Free Range, Large",free-range,FALSE,Has commitment and is reporting,1,0,0,1,0,0,0,0
2025-06,United States,Publix,4 Grain Cage Free Cage Free Large Brown Eggs,cage-free not identified,FALSE,Has commitment and is reporting,1,0,0,0,0,1,0,0
2025-06,United States,Publix,"Eggland's Best Classic Large White Eggs, 18 count",insufficient information,FALSE,Has commitment and is reporting,0,0,0,0,0,0,0,1
2025-06,United States,Publix,"Eggland's Best Cage Free Hard Cooked Eggs, 6 count",cage-free not identified,FALSE,Has commitment and is reporting,1,0,0,0,0,1,0,0
2025-06,United States,Publix,"Publix Eggs, Extra Large",insufficient information,FALSE,Has commitment and is reporting,0,0,0,0,0,0,0,1
2025-06,United States,Publix,"Eggland's Best Liquid Egg Whites, 32 ounce",cage-free not identified,FALSE,Has commitment and is reporting,1,0,0,0,0,1,0,0
2025-06,United States,Publix,"Happy Egg Co. Eggs, Free Range, Large",free-range,FALSE,Has commitment and is reporting,1,0,0,1,0,0,0,0
2025-06,United States,Publix,"Bob Evans Egg Whites, 100% Liquid",insufficient information,FALSE,Has commitment and is reporting,0,0,0,0,0,0,0,1
2025-06,United States,Publix,"GreenWise Brown Eggs, Organic, Large",organic,FALSE,Has commitment and is reporting,1,0,0,0,1,0,0,0
2025-06,United States,Publix,QQE Quail Eggs,insufficient information,FALSE,Has commitment and is reporting,0,0,0,0,0,0,0,1
2025-06,United States,Publix,"GreenWise Eggs, Organic, Cage-Free, Brown, Extra Large",organic,FALSE,Has commitment and is reporting,1,0,0,0,1,0,0,0
2025-06,United States,Publix,Jimmy Dean Simple Scrambles Meat Lovers,insufficient information,FALSE,Has commitment and is reporting,0,0,0,0,0,0,0,1
2025-06,United States,Publix,"Eggland's Best Classic Extra Large White Eggs, 12 count",insufficient information,FALSE,Has commitment and is reporting,0,0,0,0,0,0,0,1
2025-06,United States,Publix,"Fresh From Florida Eggs, Cage Free, Brown, Large",cage-free not identified,FALSE,Has commitment and is reporting,1,0,0,0,0,1,0,0
2025-06,United States,Publix,"Publix Eggs, Cage Free, Large",cage-free not identified,FALSE,Has commitment and is reporting,1,0,0,0,0,1,0,0
2025-06,United States,Publix,Publix Eggstirs,insufficient information,FALSE,Has commitment and is reporting,0,0,0,0,0,0,0,1
2025-06,United States,Publix,"Publix Eggs, Medium",insufficient information,FALSE,Has commitment and is reporting,0,0,0,0,0,0,0,1
2025-06,United States,Publix,"Nellie's Eggs, Free Range, Grade A, Brown, Extra Large",free-range,FALSE,Has commitment and is reporting,1,0,0,1,0,0,0,0
2025-06,United States,Target,Grade A Large Eggs - 18ct - Good & Gather™ (Packaging May Vary),insufficient information,FALSE,Has commitment and is reporting,0,0,0,0,0,0,0,1
2025-06,United States,Target,Vital Farms Pasture-Raised Grade A Large Eggs - 12ct,free-range,FALSE,Has commitment and is reporting,1,0,0,1,0,0,0,0
2025-06,United States,Target,Grade A Large Eggs - 12ct - Good & Gather™ (Packaging May Vary),insufficient information,FALSE,Has commitment and is reporting,0,0,0,0,0,0,0,1
2025-06,United States,Target,Cage-Free Fresh Grade A Large Brown Eggs - 12ct - Good & Gather™,cage-free not identified,FALSE,Has commitment and is reporting,1,0,0,0,0,1,0,0
2025-06,United States,Target,Organic Cage-Free Fresh Grade A Large Brown Eggs - 12ct - Good & Gather™,organic,FALSE,Has commitment and is reporting,1,0,0,0,1,0,0,0
2025-06,United States,Target,Eggland's Best Grade A Large Eggs - 12ct,cage-free not identified,FALSE,Has commitment and is reporting,1,0,0,0,0,1,0,0
2025-06,United States,Target,Cage-Free Liquid Egg Whites - 32oz - Good & Gather™,cage-free not identified,FALSE,Has commitment and is reporting,1,0,0,0,0,1,0,0
2025-06,United States,Target,Eggland's Best Cage-Free Grade A Large Brown Eggs - 12ct,cage-free not identified,FALSE,Has commitment and is reporting,1,0,0,0,0,1,0,0
2025-06,United States,Target,Eggland's Best Grade A Extra Large Eggs - 18ct,cage-free not identified,FALSE,Has commitment and is reporting,1,0,0,0,0,1,0,0
2025-06,United States,Target,Cage-Free Hard Cooked Eggs - 2ct - Good & Gather™,cage-free not identified,FALSE,Has commitment and is reporting,1,0,0,0,0,1,0,0
2025-06,United States,Target,Bob's Red Mill Egg Replacer - 12oz,insufficient information,FALSE,Has commitment and is reporting,0,0,0,0,0,0,0,1
2025-06,United States,Target,Organic Hard-cooked Cage-Free Egg - 6ct - Good & Gather™,organic,FALSE,Has commitment and is reporting,1,0,0,0,1,0,0,0
2025-06,United States,Walgreens,Nice! Grade A Cage Free Eggs Large  - 12 ea,cage-free not identified,FALSE,Has commitment and is reporting,1,0,0,0,0,1,0,0
2025-06,United States,Walgreens,Nice! For You Grade A Cage Free Eggs Large  - 12 ea,cage-free not identified,FALSE,Has commitment and is reporting,1,0,0,0,0,1,0,0
2025-06,United States,Walmart,"Great Value Cage Free Large White Eggs, 12 Count",cage-free not identified,FALSE,Has commitment and is reporting,1,0,0,0,0,1,0,0
2025-06,United States,Walmart,"Great Value Cage-Free Large White Eggs, 18 Count",cage-free not identified,FALSE,Has commitment and is reporting,1,0,0,0,0,1,0,0
2025-06,United States,Walmart,"Michael Foods Papettis Natural Diced Egg, 5 Pound 4 bags per case.",insufficient information,FALSE,Has commitment and is reporting,0,0,0,0,0,0,0,1
2025-06,United States,Walmart,"Marketside Cage-Free Large Brown Eggs, 18 Count",cage-free not identified,FALSE,Has commitment and is reporting,1,0,0,0,0,1,0,0
2025-06,United States,Walmart,"Great Value Cage-Free Grade AA Large White Eggs, 36 Count",cage-free not identified,FALSE,Has commitment and is reporting,1,0,0,0,0,1,0,0
2025-06,United States,Walmart,"Great Value Cage Free Large AA White Eggs, 60 Count",cage-free not identified,FALSE,Has commitment and is reporting,1,0,0,0,0,1,0,0
2025-06,United States,Walmart,"Marketside Large Cage-Free Brown Eggs, 12 Count",cage-free not identified,FALSE,Has commitment and is reporting,1,0,0,0,0,1,0,0
2025-06,United States,Walmart,"Marketside Organic Cage-Free Brown Large Eggs, 18 Count",organic,FALSE,Has commitment and is reporting,1,0,0,0,1,0,0,0
2025-06,United States,Walmart,"Great Value Cage-Free Grade AA Extra Large White Eggs, 18 Count",cage-free not identified,FALSE,Has commitment and is reporting,1,0,0,0,0,1,0,0
2025-06,United States,Walmart,"Great Value Cage-Free Grade AA Extra Large White Eggs, 12 Count",cage-free not identified,FALSE,Has commitment and is reporting,1,0,0,0,0,1,0,0
2025-06,United States,Walmart,"Vital Farms Pasture Raised Grade A Large Brown Eggs, 12 Count",free-range,FALSE,Has commitment and is reporting,1,0,0,1,0,0,0,0
2025-06,United States,Walmart,"Eggland's Best Cage Free Large Brown Eggs, 12 Count",cage-free not identified,FALSE,Has commitment and is reporting,1,0,0,0,0,1,0,0
2025-06,United States,Walmart,"Eggland's Best Cage Free Large White Eggs, 12 Count",cage-free not identified,FALSE,Has commitment and is reporting,1,0,0,0,0,1,0,0
2025-06,United States,Walmart,"Great Value Cage-Free White Jumbo Eggs, 12 Count",cage-free not identified,FALSE,Has commitment and is reporting,1,0,0,0,0,1,0,0
2025-06,United States,Walmart,"Great Value Cage-Free Grade AA Large White Eggs, 6 Count",cage-free not identified,FALSE,Has commitment and is reporting,1,0,0,0,0,1,0,0
2025-06,United States,Walmart,"Eggland's Best Cage Free Large White Eggs, 18 Count",cage-free not identified,FALSE,Has commitment and is reporting,1,0,0,0,0,1,0,0
2025-06,United States,Walmart,"Eggland's Best Cage Free Extra Large White Eggs, 18 Count",cage-free not identified,FALSE,Has commitment and is reporting,1,0,0,0,0,1,0,0
2025-06,United States,Walmart,"Marketside Organic Cage-Free Large Brown Eggs, 12 Count",organic,FALSE,Has commitment and is reporting,1,0,0,0,1,0,0,0
2025-06,United States,Walmart,"Happy Egg Co Organic Free-Range Large Brown Eggs, 18 Count",organic,FALSE,Has commitment and is reporting,1,0,0,0,1,0,0,0
2025-06,United States,Walmart,"Happy Egg Co. Organic Free-Range Large Brown Eggs, 12 Count (Dozen)",organic,FALSE,Has commitment and is reporting,1,0,0,0,1,0,0,0
2025-06,United States,Walmart,"Eggland's Best 100% USDA Organic Certified Large Brown Eggs, 12 Count",organic,FALSE,Has commitment and is reporting,1,0,0,0,1,0,0,0
2025-06,United States,Walmart,"Eggland's Best Farm Fresh Cage Free Extra Large White Grade AA Eggs, 12 Count",cage-free not identified,FALSE,Has commitment and is reporting,1,0,0,0,0,1,0,0
2025-06,United States,Walmart,"Great Day Farms Hard-Boiled Cage Free Eggs, 6 Eggs",cage-free not identified,FALSE,Has commitment and is reporting,1,0,0,0,0,1,0,0
2025-06,United States,Walmart,"Great Value Cage-Free Hard Boiled Eggs, 9.31 oz, 6 Count",cage-free not identified,FALSE,Has commitment and is reporting,1,0,0,0,0,1,0,0
2025-06,United States,Walmart,"Bay View Pickled Eggs, No Artificial Ingredients, Gluten Free, 0g Sugar, 6g Protein, Fresh Grade A Eggs, Boiled and Peeled (16oz, Salt 'N Vinegar)",insufficient information,FALSE,Has commitment and is reporting,0,0,0,0,0,0,0,1
2025-06,United States,Walmart,"Great Day Farms Hard-Boiled Cage Free Eggs, 2 Eggs",cage-free not identified,FALSE,Has commitment and is reporting,1,0,0,0,0,1,0,0
2025-06,United States,Walmart,"Big John's Ready to Eat Pickled Eggs 40oz Jar, Contains Eggs",insufficient information,FALSE,Has commitment and is reporting,0,0,0,0,0,0,0,1
2025-06,United States,Walmart,Mad River Anise Scented Eggs,insufficient information,FALSE,Has commitment and is reporting,0,0,0,0,0,0,0,1
2025-06,United States,Walmart,Lyfen Dried Eggs 162g,insufficient information,FALSE,Has commitment and is reporting,0,0,0,0,0,0,0,1
2025-06,United States,Walmart,"Amish Wedding Pickled Eggs, 32 Oz Glass Jar, Ready to Eat",insufficient information,FALSE,Has commitment and is reporting,0,0,0,0,0,0,0,1
2025-06,United States,Walmart,Elmer's Pecan Eggs 24 Individual Eggs,insufficient information,FALSE,Has commitment and is reporting,0,0,0,0,0,0,0,1
2025-06,United States,Walmart,Mad River Anise Scented Eggs,insufficient information,FALSE,Has commitment and is reporting,0,0,0,0,0,0,0,1
2025-06,United States,Walmart,"Amish Wedding Natural Pickled Mustard Eggs, 32 oz jar",insufficient information,FALSE,Has commitment and is reporting,0,0,0,0,0,0,0,1
2025-06,United States,Walmart,Walnut Creek Foods Ready to Eat USA Made Amish Hot Eggs 32 Oz,insufficient information,FALSE,Has commitment and is reporting,0,0,0,0,0,0,0,1
2025-06,United States,Walmart,12 Freeze Dried Duck Eggs approximately 8 oz,insufficient information,FALSE,Has commitment and is reporting,0,0,0,0,0,0,0,1
2025-06,United States,Walmart,"Sunny Fresh Cage Free Selections Whole Eggs with Citric Acid, 2 Pound -- 12 per case.",cage-free not identified,FALSE,Has commitment and is reporting,1,0,0,0,0,1,0,0
2025-06,United States,Walmart,"Naughty Chile Taqueria Fluffy Eggs with Cheddar and Green Chile, 5 Pound -- 4 per case",insufficient information,FALSE,Has commitment and is reporting,0,0,0,0,0,0,0,1
2025-06,United States,Walmart,"Marketside Grade A Large Pasture Raised Brown Eggs, 12 Count",free-range,FALSE,Has commitment and is reporting,1,0,0,1,0,0,0,0
2025-06,United States,Walmart,Chaokoh Quail Egg In Brine,insufficient information,FALSE,Has commitment and is reporting,0,0,0,0,0,0,0,1
2026-01,Australia,Aldi,Cage Eggs 700g,cage,FALSE,Has commitment but is not reporting,0,0,0,0,0,0,1,0
2026-01,Australia,Aldi,Organic Large Free Range Eggs 6 Pack 300g,free-range,FALSE,Has commitment but is not reporting,1,0,0,1,0,0,0,0
2026-01,Australia,Aldi,Barn Laid Eggs 18 Pack 900g,barn,FALSE,Has commitment but is not reporting,1,1,0,0,0,0,0,0
2026-01,Australia,Aldi,Free Range Eggs 600g,free-range,FALSE,Has commitment but is not reporting,1,0,0,1,0,0,0,0
2026-01,Australia,Aldi,Free Range Eggs 700g,free-range,FALSE,Has commitment but is not reporting,1,0,0,1,0,0,0,0
2026-01,Australia,Aldi,Barn Laid Eggs 700g,barn,FALSE,Has commitment but is not reporting,1,1,0,0,0,0,0,0
2026-01,Australia,Coles,Fyfe Family Farm Free Range Eggs 12 Pack | 600g,free-range,FALSE,Has commitment and is reporting,1,0,0,1,0,0,0,0
2026-01,Australia,Coles,Coles Free Range Eggs 12 Pack | 700g,free-range,FALSE,Has commitment and is reporting,1,0,0,1,0,0,0,0
2026-01,Australia,Coles,Coles Cage Free Eggs 12 Pack | 700g,cage-free not identified,FALSE,Has commitment and is reporting,1,0,0,0,0,1,0,0
2026-01,Australia,Coles,Coles Jumbo Free Range Eggs 12 Pack | 800g,free-range,FALSE,Has commitment and is reporting,1,0,0,1,0,0,0,0
2026-01,Australia,Coles,Sunny Queen Free Range Large Eggs 18 Pack | 900g,free-range,FALSE,Has commitment and is reporting,1,0,0,1,0,0,0,0
2026-01,Australia,Coles,Sunny Queen Free Range Extra Large Eggs 12 Pack | 700g,free-range,FALSE,Has commitment and is reporting,1,0,0,1,0,0,0,0
2026-01,Australia,Coles,Coles Cage Free Eggs 18 Pack | 900g,cage-free not identified,FALSE,Has commitment and is reporting,1,0,0,0,0,1,0,0
2026-01,Australia,Coles,Coles Free Range Eggs 12 Pack | 600g,free-range,FALSE,Has commitment and is reporting,1,0,0,1,0,0,0,0
2026-01,Australia,Coles,Coles Cage Free Eggs 12 Pack | 800g,cage-free not identified,FALSE,Has commitment and is reporting,1,0,0,0,0,1,0,0
2026-01,Australia,Coles,Fyfe Family Farm Free Range Eggs 12 Pack | 700g,free-range,FALSE,Has commitment and is reporting,1,0,0,1,0,0,0,0
2026-01,Australia,Coles,Josh's Rainbow Free Range Eggs 12 Pack | 700g,free-range,FALSE,Has commitment and is reporting,1,0,0,1,0,0,0,0
2026-01,Australia,Coles,Josh's Rainbow Free Range Eggs 12pack | 800g,free-range,FALSE,Has commitment and is reporting,1,0,0,1,0,0,0,0
2026-01,Australia,Coles,Coles Organic Free Range Eggs 12 Pack | 600g,free-range,FALSE,Has commitment and is reporting,1,0,0,1,0,0,0,0
2026-01,Australia,Coles,Sunny Queen Free Range Big Brekkie Browns Eggs 12 Pack | 820g,free-range,FALSE,Has commitment and is reporting,1,0,0,1,0,0,0,0
2026-01,Australia,Coles,Pace Farm Eggs For Everyone Free Range 12 Pack | 700g,free-range,FALSE,Has commitment and is reporting,1,0,0,1,0,0,0,0
2026-01,Australia,Coles,Good Yolk Co Cage Free Eggs 12 Pack | 700g,cage-free not identified,FALSE,Has commitment and is reporting,1,0,0,0,0,1,0,0
2026-01,Australia,Coles,Sunny Queen Organic Eggs 12 Pack | 700g,organic,FALSE,Has commitment and is reporting,1,0,0,0,1,0,0,0
2026-01,Australia,Coles,Coles Free Range Eggs 6 Pack | 300g,free-range,FALSE,Has commitment and is reporting,1,0,0,1,0,0,0,0
2026-01,Australia,Coles,Mornington Peninsula Free Range Eggs 12 Pack | 800g,free-range,FALSE,Has commitment and is reporting,1,0,0,1,0,0,0,0
2026-01,Australia,Coles,Sunrise Free Range Eggs 12 Pack | 700g,free-range,FALSE,Has commitment and is reporting,1,0,0,1,0,0,0,0
2026-01,Australia,Coles,Josh's Rainbow Free Range Eggs 18 Pack | 900g,free-range,FALSE,Has commitment and is reporting,1,0,0,1,0,0,0,0
2026-01,Australia,Coles,Yarra Valley Free Range Eggs 12 Pack | 700g,free-range,FALSE,Has commitment and is reporting,1,0,0,1,0,0,0,0
2026-01,Australia,Coles,Josh's Rainbow Free Range Eggs Regular 6 Pack | 350g,free-range,FALSE,Has commitment and is reporting,1,0,0,1,0,0,0,0
2026-01,Australia,Coles,Mornington Peninsula Free Range 12 Pack | 700g,free-range,FALSE,Has commitment and is reporting,1,0,0,1,0,0,0,0
2026-01,Australia,Coles,Sunrise Free Range Eggs 12 Pack | 600g,free-range,FALSE,Has commitment and is reporting,1,0,0,1,0,0,0,0
2026-01,Australia,Coles,Yallamundi Farm Organic Free Range Eggs 12 Pack | 600g,free-range,FALSE,Has commitment and is reporting,1,0,0,1,0,0,0,0
2026-01,Australia,Coles,Sunny Queen Free Range X Large Eggs 6 Pack | 350g,free-range,FALSE,Has commitment and is reporting,1,0,0,1,0,0,0,0
2026-01,Australia,Coles,Sunny Queen Cage Free Large Eggs 18 Pack | 900g,cage-free not identified,FALSE,Has commitment and is reporting,1,0,0,0,0,1,0,0
2026-01,Australia,Coles,Surf Coast Cracking Good Ultimate Free Range Eggs 12 Pack | 800g,free-range,FALSE,Has commitment and is reporting,1,0,0,1,0,0,0,0
2026-01,Australia,Coles,Pace Farm Eggs For Everyone Free Range 12 Pack | 800g,free-range,FALSE,Has commitment and is reporting,1,0,0,1,0,0,0,0
2026-01,Australia,Coles,Yallamundi Farm Organic Free Range Eggs 12 Pack | 700g,free-range,FALSE,Has commitment and is reporting,1,0,0,1,0,0,0,0
2026-01,Australia,Coles,Sunrise Cage Free Eggs 12 Pack | 700g,cage-free not identified,FALSE,Has commitment and is reporting,1,0,0,0,0,1,0,0
2026-01,Australia,Coles,Farm Pride Cage Free Barn Laid Eggs 12 Pack | 600g,barn,FALSE,Has commitment and is reporting,1,1,0,0,0,0,0,0
2026-01,Australia,Coles,Sunny Queen Organic Free Range Large Eggs 6 Pack | 300g,free-range,FALSE,Has commitment and is reporting,1,0,0,1,0,0,0,0
2026-01,Australia,Coles,Mornington Peninsula Cage Free Eggs 12 Pack | 700g,cage-free not identified,FALSE,Has commitment and is reporting,1,0,0,0,0,1,0,0
2026-01,Australia,Coles,Good Yolk Co Cage Free Eggs 12 Pack | 600g,cage-free not identified,FALSE,Has commitment and is reporting,1,0,0,0,0,1,0,0
2026-01,Australia,Coles,Farm Pride Cage Free Barn Laid Eggs 12 Pack | 700g,barn,FALSE,Has commitment and is reporting,1,1,0,0,0,0,0,0
2026-01,Australia,Coles,Mornington Peninsula Free Range Eggs 12 Pack | 600g,free-range,FALSE,Has commitment and is reporting,1,0,0,1,0,0,0,0
2026-01,Australia,Coles,Surf Coast Cracking Good Ultimate Free Range Eggs 12 Pack | 700g,free-range,FALSE,Has commitment and is reporting,1,0,0,1,0,0,0,0
2026-01,Australia,Coles,Sunny Queen Free Range Large Eggs 12 Pack | 600g,free-range,FALSE,Has commitment and is reporting,1,0,0,1,0,0,0,0
2026-01,Australia,Coles,Mornington Peninsula Free Range 6 Pack | 330g,free-range,FALSE,Has commitment and is reporting,1,0,0,1,0,0,0,0
2026-01,Australia,Coles,Pace Farm Eggs For Everyone Cage Free 12 Pack | 700g,cage-free not identified,FALSE,Has commitment and is reporting,1,0,0,0,0,1,0,0
2026-01,Australia,Coles,Meggles Free Range Eggs Xlarge 12 Pack | 700g,free-range,FALSE,Has commitment and is reporting,1,0,0,1,0,0,0,0
2026-01,Australia,Coles,Surf Coast Ultimate Free Range Eggs 12 Pack | 600g,free-range,FALSE,Has commitment and is reporting,1,0,0,1,0,0,0,0
2026-01,Australia,Coles,Pace Farm Eggs For Everyone Free Range 12 Pack | 600g,free-range,FALSE,Has commitment and is reporting,1,0,0,1,0,0,0,0
2026-01,Australia,Coles,Mornington Peninsula Cage Free Eggs 12 Pack | 600g,cage-free not identified,FALSE,Has commitment and is reporting,1,0,0,0,0,1,0,0
2026-01,Australia,Coles,Pace Farm Eggs For Everyone Free Range 12 Pack | 500g,free-range,FALSE,Has commitment and is reporting,1,0,0,1,0,0,0,0
2026-01,Australia,Coles,Puregg Simply Egg White 500g | 500 GRAM,insufficient information,FALSE,Has commitment and is reporting,0,0,0,0,0,0,0,1
2026-01,Australia,Coles,Sunny Queen Odd Eggs Ready To Pour Egg Mix | 500g,insufficient information,FALSE,Has commitment and is reporting,0,0,0,0,0,0,0,1
2026-01,Australia,Coles,Sunny Queen Peeled Hard Boiled Eggs 2 Pack | 85g,insufficient information,FALSE,Has commitment and is reporting,0,0,0,0,0,0,0,1
2026-01,Australia,Woolworths,"OUT OF STOCK
Woolworths 12 Extra Large Free Range Eggs 700g
2.5
/
2
View similar
products
             to Woolworths 12 Extra Large Free Range Eggs 700g
Save to list",free-range,FALSE,Has commitment and is reporting,1,0,0,1,0,0,0,0
2026-01,Australia,Woolworths,"OUT OF STOCK
Woolworths 12 Extra Large Barn Laid Eggs 700g
4.6
/
415
View similar
products
             to Woolworths 12 Extra Large Barn Laid Eggs 700g
Save to list",barn,FALSE,Has commitment and is reporting,1,1,0,0,0,0,0,0
2026-01,Australia,Woolworths,"$8.80
$1.26 / 100G
Sunny Queen 12 Extra Large Free Range Eggs 700g
4.0
/
1
Add to cart
Save to list",free-range,FALSE,Has commitment and is reporting,1,0,0,1,0,0,0,0
2026-01,Australia,Woolworths,"OUT OF STOCK
Woolworths 18 Large Cage Free Eggs 900g
4.7
/
221
View similar
products
             to Woolworths 18 Large Cage Free Eggs 900g
Save to list",cage-free not identified,FALSE,Has commitment and is reporting,1,0,0,0,0,1,0,0
2026-01,Australia,Woolworths,"$12.70
$1.41 / 100G
Sunny Queen 18 Large Free Range Eggs 900g
5.0
/
1
Add to cart
Save to list",free-range,FALSE,Has commitment and is reporting,1,0,0,1,0,0,0,0
2026-01,Australia,Woolworths,"$8.70
$1.24 / 100G
Manning Valley 12 Extra Large Free Range Eggs 700g
4.0
/
1
Add to cart
Save to list",free-range,FALSE,Has commitment and is reporting,1,0,0,1,0,0,0,0
2026-01,Australia,Woolworths,"LOWER SHELF PRICE
$5.80
$0.83 / 100G
WAS $5.90 - 22/10/2025
Woolworths 12 Extra Large Cage Free Eggs 700g
Add to cart
Save to list",cage-free not identified,FALSE,Has commitment and is reporting,1,0,0,0,0,1,0,0
2026-01,Australia,Woolworths,"LOWER SHELF PRICE
$6.50
$0.93 / 100G
WAS $6.60 - 22/10/2025
Woolworths 12 X-Large Free Range Eggs 700g
Add to cart
Save to list",free-range,FALSE,Has commitment and is reporting,1,0,0,1,0,0,0,0
2026-01,Australia,Woolworths,"$4.90
$1.40 / 100G
Woolworths 6 Extra Large Free Range Eggs 350g
4.7
/
666
Add to cart
Save to list",free-range,FALSE,Has commitment and is reporting,1,0,0,1,0,0,0,0
2026-01,Australia,Woolworths,"OUT OF STOCK
Woolworths 18 Large Free Range Eggs 900g
5.0
/
1
View similar
products
             to Woolworths 18 Large Free Range Eggs 900g
Save to list",free-range,FALSE,Has commitment and is reporting,1,0,0,1,0,0,0,0
2026-01,Australia,Woolworths,"$10.60
$1.77 / 100G
Macro 12 Large Organic Australian Free Range Eggs 600g
4.5
/
504
Add to cart
Save to list",free-range,FALSE,Has commitment and is reporting,1,0,0,1,0,0,0,0
2026-01,Australia,Woolworths,"$13.00
$1.86 / 100G
Sunny Queen 12 Extra Large Organic Free Range Eggs 700g
Add to cart
Save to list",free-range,FALSE,Has commitment and is reporting,1,0,0,1,0,0,0,0
2026-01,Australia,Woolworths,"$6.50
$0.93 / 100G
Pace Farm 12 For Everyone Barn Laid Extra Large Eggs 700g
Add to cart
Save to list",barn,FALSE,Has commitment and is reporting,1,1,0,0,0,0,0,0
2026-01,Australia,Woolworths,"$9.90
$1.24 / 100G
Manning Valley 12 Jumbo Free Range Eggs 800g
5.0
/
1
Add to cart
Save to list",free-range,FALSE,Has commitment and is reporting,1,0,0,1,0,0,0,0
2026-01,Australia,Woolworths,"OUT OF STOCK
Sunny Queen 100% Egg Whites 500g
Add to cart
Save to list",insufficient information,FALSE,Has commitment and is reporting,0,0,0,0,0,0,0,1
2026-01,Australia,Woolworths,"$14.00
$2.00 / 100G
Yallamundi Farm Organic 12 Extra Large Free Range Eggs 700g
5.0
/
1
Add to cart
Save to list",free-range,FALSE,Has commitment and is reporting,1,0,0,1,0,0,0,0
2026-01,Australia,Woolworths,"OUT OF STOCK
Pace Farm 30 For Everyone Barn Laid Large Eggs 1.5kg
Add to cart
Save to list",barn,FALSE,Has commitment and is reporting,1,1,0,0,0,0,0,0
2026-01,Australia,Woolworths,"$7.75
$1.11 / 100G
Pace Farm 12 For Everyone Free Range Extra Large Eggs 700g
Add to cart
Save to list",free-range,FALSE,Has commitment and is reporting,1,0,0,1,0,0,0,0
2026-01,Australia,Woolworths,"$11.00
$1.57 / 100G
Yallamundi Farm 12 Extra Large Pasture Raised Free Range Eggs 700g
Add to cart
Save to list",free-range,FALSE,Has commitment and is reporting,1,0,0,1,0,0,0,0
2026-01,Australia,Woolworths,"$6.60
$0.94 / 100G
Simply Eggs 12 Extra Large Cage Free Eggs 700g
Add to cart
Save to list",cage-free not identified,FALSE,Has commitment and is reporting,1,0,0,0,0,1,0,0
2026-01,Australia,Woolworths,"$6.20
$1.03 / 100G
Woolworths 12 Large Free Range Eggs 600g
Add to cart
Save to list",free-range,FALSE,Has commitment and is reporting,1,0,0,1,0,0,0,0
2026-01,Australia,Woolworths,"OUT OF STOCK
Macro 12 Large Pasture Raised Carbon Neutral Free Range Eggs 600g
View similar
products
             to Macro 12 Large Pasture Raised Carbon Neutral Free Range Eggs 600g
Save to list",free-range,FALSE,Has commitment and is reporting,1,0,0,1,0,0,0,0
2026-01,Australia,Woolworths,"$9.50
$1.06 / 100G
Pace Farm 18 For Everyone Barn Laid Large Eggs 900g
Add to cart
Save to list",barn,FALSE,Has commitment and is reporting,1,1,0,0,0,0,0,0
2026-01,Australia,Woolworths,"$12.00
$1.33 / 100G
Manning Valley 18 Large Free Range Eggs 900g
Add to cart
Save to list",free-range,FALSE,Has commitment and is reporting,1,0,0,1,0,0,0,0
2026-01,Australia,Woolworths,"LOWER SHELF PRICE
$8.40
$0.93 / 100G
WAS $8.70 - 22/10/2025
Woolworths 18 Large Cage Free Eggs 900g
Add to cart
Save to list",cage-free not identified,FALSE,Has commitment and is reporting,1,0,0,0,0,1,0,0
2026-01,Australia,Woolworths,"$7.65
$2.55 / 100G
Yallamundi Farm 6 Large Organic Free Range Eggs 300g
Add to cart
Save to list",free-range,FALSE,Has commitment and is reporting,1,0,0,1,0,0,0,0
2026-01,Australia,Woolworths,"$4.75
$1.36 / 100G
Pace Farm 6 For Everyone Barn Laid Eggs 350g
Add to cart
Save to list",barn,FALSE,Has commitment and is reporting,1,1,0,0,0,0,0,0
2026-01,Australia,Woolworths,"OUT OF STOCK
Puregg Simply Egg Whites 500g
View similar
products
             to Puregg Simply Egg Whites 500g
Save to list",insufficient information,FALSE,Has commitment and is reporting,0,0,0,0,0,0,0,1
2026-01,Australia,Woolworths,"OUT OF STOCK
Pace Farm 12 For Everyone Barn Laid Jumbo Eggs 800g
Add to cart
Save to list",barn,FALSE,Has commitment and is reporting,1,1,0,0,0,0,0,0
2026-01,Australia,Woolworths,"$9.75
$1.22 / 100G
Pace Farm 12 For Everyone Free Range Jumbo Eggs 800g
Add to cart
Save to list",free-range,FALSE,Has commitment and is reporting,1,0,0,1,0,0,0,0
2026-01,Australia,Woolworths,"$7.60
$1.09 / 100G
Open Range 12 Large Free Range Eggs 700g
Add to cart
Save to list",free-range,FALSE,Has commitment and is reporting,1,0,0,1,0,0,0,0
2026-01,Australia,Woolworths,"$8.20
$1.37 / 100G
Manning Valley 12 Large Free Range Eggs 600g
Add to cart
Save to list",free-range,FALSE,Has commitment and is reporting,1,0,0,1,0,0,0,0
2026-01,Australia,Woolworths,"$10.00
$1.43 / 100G
Lake Macquarie 12 Extra Large Free Range Eggs 700g
Add to cart
Save to list",free-range,FALSE,Has commitment and is reporting,1,0,0,1,0,0,0,0
2026-01,Australia,Woolworths,"OUT OF STOCK
Ash & Sons 12 Large Free Range Eggs 600g
View similar
products
             to Ash & Sons 12 Large Free Range Eggs 600g
Save to list",free-range,FALSE,Has commitment and is reporting,1,0,0,1,0,0,0,0
2026-01,Australia,Woolworths,"OUT OF STOCK
Ash & Sons 12 X Large Free Range Eggs 800g
View similar
products
             to Ash & Sons 12 X Large Free Range Eggs 800g
Save to list",free-range,FALSE,Has commitment and is reporting,1,0,0,1,0,0,0,0
2026-01,Australia,Woolworths,"OUT OF STOCK
Ash & Sons 12 Extra Large Free Range Eggs 700g
View similar
products
             to Ash & Sons 12 Extra Large Free Range Eggs 700g
Save to list",free-range,FALSE,Has commitment and is reporting,1,0,0,1,0,0,0,0
2026-01,Australia,Woolworths,Pace Farm 18 For Everyone Free Range Large Eggs 900g,free-range,FALSE,Has commitment and is reporting,1,0,0,1,0,0,0,0
2026-01,Australia,Woolworths,Puregg Free Range Liquid Egg White 500g,free-range,FALSE,Has commitment and is reporting,1,0,0,1,0,0,0,0
2026-01,Australia,Woolworths,Manning Valley 30 Free Range Eggs 1.65kg,free-range,FALSE,Has commitment and is reporting,1,0,0,1,0,0,0,0
2026-01,Australia,Woolworths,Sunny Queen The Odd Eggs Free Range Egg Mix 500g,free-range,FALSE,Has commitment and is reporting,1,0,0,1,0,0,0,0
2026-01,Australia,Woolworths,Lake Macquarie 18 Large Free Range Eggs 900g,free-range,FALSE,Has commitment and is reporting,1,0,0,1,0,0,0,0
2026-01,Australia,Woolworths,Pace Farm 6 For Everyone Free Range Large Eggs 350g,free-range,FALSE,Has commitment and is reporting,1,0,0,1,0,0,0,0
2026-01,Australia,Woolworths,Yallamundi Farm 12 Organic Jumbo Free Range Eggs 800g,free-range,FALSE,Has commitment and is reporting,1,0,0,1,0,0,0,0
2026-01,Australia,Woolworths,Pace Farm 6 Organic Large Free Range Eggs 300g,free-range,FALSE,Has commitment and is reporting,1,0,0,1,0,0,0,0
2026-01,Australia,Woolworths,Lake Macquarie 12 Jumbo Free Range Eggs 800g,free-range,FALSE,Has commitment and is reporting,1,0,0,1,0,0,0,0
2026-01,Australia,Woolworths,Lake Macquarie 6 Large Free Range Eggs 350g,free-range,FALSE,Has commitment and is reporting,1,0,0,1,0,0,0,0
2026-01,Australia,Woolworths,Lake Macquarie 30 Large Free Range Eggs 1.5kg,free-range,FALSE,Has commitment and is reporting,1,0,0,1,0,0,0,0
2026-01,Australia,Woolworths,Watson Family Farm 12 Free Range Eggs 700g,free-range,FALSE,Has commitment and is reporting,1,0,0,1,0,0,0,0
2026-01,Australia,Woolworths,Hunter Valley 12 Extra Large Free Range Eggs 700g,free-range,FALSE,Has commitment and is reporting,1,0,0,1,0,0,0,0
2026-01,Canada,Costco,Kirkland Signature Organic Large Free Range Eggs,free-range,FALSE,Has commitment and is reporting,1,0,0,1,0,0,0,0
2026-01,Canada,Costco,Extra Large Eggs,insufficient information,FALSE,Has commitment and is reporting,0,0,0,0,0,0,0,1
2026-01,Canada,Costco,Kirkland Signature Free Run Large Eggs,free-range,FALSE,Has commitment and is reporting,1,0,0,1,0,0,0,0
2026-01,Canada,Costco,Large Eggs,insufficient information,FALSE,Has commitment and is reporting,0,0,0,0,0,0,0,1
2026-01,Canada,Costco,GoldEgg Omega-3 Large White Eggs,insufficient information,FALSE,Has commitment and is reporting,0,0,0,0,0,0,0,1
2026-01,Canada,Costco,Kirkland Signature 100% Liquid Egg Whites,insufficient information,FALSE,Has commitment and is reporting,0,0,0,0,0,0,0,1
2026-01,Canada,Loblaws,"Prepared in Canada
No Name
Large Grade A Eggs
12 ea, $0.33/1ea",insufficient information,FALSE,Has commitment but is not reporting,0,0,0,0,0,0,0,1
2026-01,Canada,Loblaws,"Burnbrae Farms
Grade A Large Eggs
18 ea, $0.40/1ea",insufficient information,FALSE,Has commitment but is not reporting,0,0,0,0,0,0,0,1
2026-01,Canada,Loblaws,"No Name
Grade A Extra Large Eggs
12 ea, $0.39/1ea",insufficient information,FALSE,Has commitment but is not reporting,0,0,0,0,0,0,0,1
2026-01,Canada,Loblaws,"President's Choice
Free Run Brown Eggs Large
12 ea, $0.60/1ea",barn,FALSE,Has commitment but is not reporting,1,1,0,0,0,0,0,0
2026-01,Canada,Loblaws,"No Name
Eggs, Medium
30 ea, $0.32/1ea",insufficient information,FALSE,Has commitment but is not reporting,0,0,0,0,0,0,0,1
2026-01,Canada,Loblaws,"No Name
Grade A Large Brown Eggs
12 ea, $0.52/1ea",insufficient information,FALSE,Has commitment but is not reporting,0,0,0,0,0,0,0,1
2026-01,Canada,Loblaws,"Prepared in Canada
PC Organics
Free Range Large Brown Eggs
12 ea, $0.67/1ea",free-range,FALSE,Has commitment but is not reporting,1,0,0,1,0,0,0,0
2026-01,Canada,Loblaws,"PC Blue Menu
Egg Whites
1 kg, $1.08/100g",insufficient information,FALSE,Has commitment but is not reporting,0,0,0,0,0,0,0,1
2026-01,Canada,Loblaws,"Conestoga Eggs
Brown Eggs Free Run Omega-3 Size: Large
18 ea, $0.58/1ea",cage-free not identified,FALSE,Has commitment but is not reporting,1,0,0,0,0,1,0,0
2026-01,Canada,Loblaws,"Burnbrae Farms
Nature's Best White Eggs, Large
12 ea, $0.52/1ea",cage-free not identified,FALSE,Has commitment but is not reporting,1,0,0,0,0,1,0,0
2026-01,Canada,Loblaws,"Burnbrae Farms
Naturegg Nest Laid White Eggs, Large
12 ea, $0.46/1ea",cage-free not identified,FALSE,Has commitment but is not reporting,1,0,0,0,0,1,0,0
2026-01,Canada,Loblaws,"Conestoga Eggs
White Eggs Free Run Omega-3 Large Size
18 ea, $0.58/1ea",barn,FALSE,Has commitment but is not reporting,1,1,0,0,0,0,0,0
2026-01,Canada,Loblaws,"PC Blue Menu
Blue Menu Free Run Large White Eggs 12 Pack
12 ea, $0.62/1ea",barn,FALSE,Has commitment but is not reporting,1,1,0,0,0,0,0,0
2026-01,Canada,Loblaws,"President's Choice
Extra Large Free Run Brown Eggs
12 ea, $0.63/1ea",free-range,FALSE,Has commitment but is not reporting,1,0,0,1,0,0,0,0
2026-01,Canada,Loblaws,"Burnbrae Farms
Naturegg NestlaidOmega 3 Large Size 12 Eggs
12 ea, $5.50/1ea",barn,FALSE,Has commitment but is not reporting,1,1,0,0,0,0,0,0
2026-01,Canada,Loblaws,"Burnbrae Farms
Naturegg Omega 3 White Eggs, Large
12 ea, $0.56/1ea",insufficient information,FALSE,Has commitment but is not reporting,0,0,0,0,0,0,0,1
2026-01,Canada,Loblaws,"Burnbrae Farms
Naturegg Simply Egg Whites
500 ml, $1.16/100ml",insufficient information,FALSE,Has commitment but is not reporting,0,0,0,0,0,0,0,1
2026-01,Canada,Loblaws,"Prepared in Canada
Burnbrae Farms
Organic Free Range Eggs, 18 Eggs
18 ea, $0.52/1ea",free-range,FALSE,Has commitment but is not reporting,1,0,0,1,0,0,0,0
2026-01,Canada,Loblaws,"Burnbrae Farms
Naturegg Omega Plus White Eggs, Large
12 ea, $0.60/1ea",cage-free not identified,FALSE,Has commitment but is not reporting,1,0,0,0,0,1,0,0
2026-01,Canada,Loblaws,"Burnbrae Farms
Grade A White Eggs, Large
6 ea, $0.55/1ea",insufficient information,FALSE,Has commitment but is not reporting,0,0,0,0,0,0,0,1
2026-01,Canada,Loblaws,"PC Blue Menu
Blue Menu Free Run Large Brown Eggs 12 Pack
12 ea, $0.67/1ea",barn,FALSE,Has commitment but is not reporting,1,1,0,0,0,0,0,0
2026-01,Canada,Loblaws,"Burnbrae Farms
Naturegg Free Run Egg Whites
500 g, $1.16/100g $0.53/1lb",barn,FALSE,Has commitment but is not reporting,1,1,0,0,0,0,0,0
2026-01,Canada,Loblaws,"Prepared in Canada
PC Organics
Extra Large Size Free-Range Brown Eggs
12 ea, $0.69/1ea",free-range,FALSE,Has commitment but is not reporting,1,0,0,1,0,0,0,0
2026-01,Canada,Loblaws,"Prepared in Canada
Rowe Farms
Green Valley Eggs Size Large Free Run Brown
12 ea, $0.60/1ea",barn,FALSE,Has commitment but is not reporting,1,1,0,0,0,0,0,0
2026-01,Canada,Loblaws,"New
President's Choice
Farm-Fresh Quail Eggs
18 ea, $0.22/1ea",insufficient information,FALSE,Has commitment but is not reporting,0,0,0,0,0,0,0,1
2026-01,Canada,Loblaws,"PC Blue Menu
Free Run Egg Whites
500 g, $1.34/100g",barn,FALSE,Has commitment but is not reporting,1,1,0,0,0,0,0,0
2026-01,Canada,Loblaws,"Burnbrae Farms
Naturegg Solar Free Range Eggs, Large
12 ea, $0.68/1ea",free-range,FALSE,Has commitment but is not reporting,1,0,0,1,0,0,0,0
2026-01,Canada,Loblaws,"Burnbrae Farms
Eggs2go! 6 Hard Boiled Peeled Eggs
6 ea, $0.97/1ea",insufficient information,FALSE,Has commitment but is not reporting,0,0,0,0,0,0,0,1
2026-01,Canada,Loblaws,"Burnbrae Farms
Naturegg Omega Plus Solar Free Range Eggs, Large
12 ea, $0.68/1ea",free-range,FALSE,Has commitment but is not reporting,1,0,0,1,0,0,0,0
2026-01,Canada,Loblaws,"Prepared in Canada
Green Valley
Rowe Farm Free Run XL
12 ea, $0.61/1ea",barn,FALSE,Has commitment but is not reporting,1,1,0,0,0,0,0,0
2026-01,Canada,Loblaws,"PC Blue Menu
Blue Menu Peeled Hard Boiled Omega-3 Free Run Eggs
3x88.0 g, $6.58/100g",barn,FALSE,Has commitment but is not reporting,1,1,0,0,0,0,0,0
2026-01,Canada,Loblaws,"Burnbrae Farms
Naturegg Omega 3 Brown Eggs, Large
12 ea, $0.61/1ea",cage-free not identified,FALSE,Has commitment but is not reporting,1,0,0,0,0,1,0,0
2026-01,Canada,Loblaws,"Burnbrae Farms
Naturegg Omega 3 White Eggs
6 ea, $0.68/1ea",insufficient information,FALSE,Has commitment but is not reporting,0,0,0,0,0,0,0,1
2026-01,Canada,Loblaws,"Burnbrae Farms
Egg Creations, Original
500 g, $1.16/100g",insufficient information,FALSE,Has commitment but is not reporting,0,0,0,0,0,0,0,1
2026-01,Canada,Loblaws,"Prepared in Canada
Rowe Farms
Green Valley Omega 3 Eggs, Large
12 ea, $6.49/1ea",insufficient information,FALSE,Has commitment but is not reporting,0,0,0,0,0,0,0,1
2026-01,Canada,Loblaws,"Burnbrae Farms
Naturegg Free Run Eggs, Large
6 ea, $0.73/1ea",free-range,FALSE,Has commitment but is not reporting,1,0,0,1,0,0,0,0
2026-01,Canada,Loblaws,"Prepared in Canada
Green Valley
Brown Eggs Free Range Farm Large
12 ea, $0.69/1ea",free-range,FALSE,Has commitment but is not reporting,1,0,0,1,0,0,0,0
2026-01,Canada,Loblaws,"Prepared in Canada
PC Organics
Organic Free-Range Egg Whites
500 g, $1.60/100g",free-range,FALSE,Has commitment but is not reporting,1,0,0,1,0,0,0,0
2026-01,Canada,Loblaws,"Burnbrae Farms
Egg Creations! Whole Eggs, Original
500 g, $1.16/100g",insufficient information,FALSE,Has commitment but is not reporting,0,0,0,0,0,0,0,1
2026-01,Canada,Loblaws,"Burnbrae Farms
Naturegg Free Run Omega 3 Eggs
12 ea, $0.66/1ea",free-range,FALSE,Has commitment but is not reporting,1,0,0,1,0,0,0,0
2026-01,Canada,Loblaws,"Prepared in Canada
PC Organics
Medium Size Free-Range Brown Eggs
12 ea, $0.65/1ea",free-range,FALSE,Has commitment but is not reporting,1,0,0,1,0,0,0,0
2026-01,Canada,Loblaws,"Prepared in Canada
PC Organics
Free-Range Large Brown Eggs, Club Pack (30 Count)
30 ea, $0.58/1ea",free-range,FALSE,Has commitment but is not reporting,1,0,0,1,0,0,0,0
2026-01,Canada,Voilà (Sobeys),Burnbrae Farms Naturegg Simply Egg Whites Free Run 500 g,barn,FALSE,Has commitment and is reporting,1,1,0,0,0,0,0,0
2026-01,Canada,Voilà (Sobeys),Kosa Canned Quail Eggs In Water 425 g,insufficient information,FALSE,Has commitment and is reporting,0,0,0,0,0,0,0,1
2026-01,Canada,Voilà (Sobeys),Island Gold White Eggs Large 12 Count,insufficient information,FALSE,Has commitment and is reporting,0,0,0,0,0,0,0,1
2026-01,Canada,Voilà (Sobeys),Sunshine Valley Brown Eggs Free Range Extra Large 12 Count,free-range,FALSE,Has commitment and is reporting,1,0,0,1,0,0,0,0
2026-01,Canada,Voilà (Sobeys),Countryside Farms Brown Eggs Free Range Hens Large 12 Count,free-range,FALSE,Has commitment and is reporting,1,0,0,1,0,0,0,0
2026-01,Canada,Voilà (Sobeys),Compliments Premiere Eggs Large 12 Count,insufficient information,FALSE,Has commitment and is reporting,0,0,0,0,0,0,0,1
2026-01,Canada,Voilà (Sobeys),Golden Valley White Eggs Large 18 Count,insufficient information,FALSE,Has commitment and is reporting,0,0,0,0,0,0,0,1
2026-01,Canada,Voilà (Sobeys),Six Fortune Preserved Duck Egg Hard 6 Count,insufficient information,FALSE,Has commitment and is reporting,0,0,0,0,0,0,0,1
2026-01,Canada,Voilà (Sobeys),Golden Valley White Eggs Medium 30 Count,insufficient information,FALSE,Has commitment and is reporting,0,0,0,0,0,0,0,1
2026-01,Canada,Walmart,"Great Value Large Eggs, 12 Count",insufficient information,FALSE,Has commitment and is reporting,0,0,0,0,0,0,0,1
2026-01,Canada,Walmart,"Gray Ridge Premium Large White Eggs, 18 Count",insufficient information,FALSE,Has commitment and is reporting,0,0,0,0,0,0,0,1
2026-01,Canada,Walmart,"Great Value XL White Eggs, 12 Count",insufficient information,FALSE,Has commitment and is reporting,0,0,0,0,0,0,0,1
2026-01,Canada,Walmart,"Gray Ridge Large Brown Eggs, 18 Count",insufficient information,FALSE,Has commitment and is reporting,0,0,0,0,0,0,0,1
2026-01,Canada,Walmart,"Great Value Organic Free Run Large Brown Eggs, 12 Count",barn,FALSE,Has commitment and is reporting,1,1,0,0,0,0,0,0
2026-01,Canada,Walmart,"Conestoga Farms Free Run Omega-3 Large Brown Eggs, 12 Count",cage-free not identified,FALSE,Has commitment and is reporting,1,0,0,0,0,1,0,0
2026-01,Canada,Walmart,"Conestoga Farms Free Run Omega3 Large Eggs 18, 18 Count",barn,FALSE,Has commitment and is reporting,1,1,0,0,0,0,0,0
2026-01,Canada,Walmart,"Great Value Omega-3 Large White Eggs, 12 count",insufficient information,FALSE,Has commitment and is reporting,0,0,0,0,0,0,0,1
2026-01,Canada,Walmart,"GoldEgg Free Run Large Eggs, 12 Count",free-range,FALSE,Has commitment and is reporting,1,0,0,1,0,0,0,0
2026-01,Canada,Walmart,"GoldEgg Golden D Vitamin D Enriched Large Eggs, 18 Count",insufficient information,FALSE,Has commitment and is reporting,0,0,0,0,0,0,0,1
2026-01,Canada,Walmart,"Gray Ridge Super 747 Jumbo Eggs, 12 Count",insufficient information,FALSE,Has commitment and is reporting,0,0,0,0,0,0,0,1
2026-01,Canada,Walmart,"Conestoga Farms Free Run Omega-3 Large White Eggs, 12 Count",barn,FALSE,Has commitment and is reporting,1,1,0,0,0,0,0,0
2026-01,Canada,Walmart,"Conestoga Farms Free Range Medium Brown Eggs, 12 count",free-range,FALSE,Has commitment and is reporting,1,0,0,1,0,0,0,0
2026-01,Canada,Walmart,"Just Egg, Non-GMO, Made From Plants, Good Source of Protein, Egg Free, Dairy Free, Vegan, No Artificial Flavors, Just Egg Liquid, Eggs made from plants",insufficient information,FALSE,Has commitment and is reporting,0,0,0,0,0,0,0,1
2026-01,Canada,Walmart,"Len Xiang Preserved Duck Eggs, 350g, 360 g",insufficient information,FALSE,Has commitment and is reporting,0,0,0,0,0,0,0,1
2026-01,Canada,Walmart,"Len Xiang Preserved Duck Eggs, 350g, 360 g",insufficient information,FALSE,Has commitment and is reporting,0,0,0,0,0,0,0,1
2026-01,Canada,Walmart,"Gray Ridge Large White Eggs, 12 Count",insufficient information,FALSE,Has commitment and is reporting,0,0,0,0,0,0,0,1
2026-01,Canada,Walmart,"Kosa Can Quail Eggs in Water, 425 g",insufficient information,FALSE,Has commitment and is reporting,0,0,0,0,0,0,0,1
2026-01,Canada,Walmart,"Len Xiang Cooked Salted Duck Eggs, 360g (6pc)",insufficient information,FALSE,Has commitment and is reporting,0,0,0,0,0,0,0,1
2026-01,Canada,Walmart,"Great Value Medium White 30 Eggs, 30 Count Eggs",insufficient information,FALSE,Has commitment and is reporting,0,0,0,0,0,0,0,1
2026-01,Canada,Walmart,Mountain House Scrambled Eggs with Bacon Pouch|Freeze Dried Backpacking & Camping Food|Survival & Emergency Food|Gluten-Free|Breakfast Meal|Easy To Prepare|Delicious & Nutritious|6 Pouch,insufficient information,FALSE,Has commitment and is reporting,0,0,0,0,0,0,0,1
2026-01,Canada,Walmart,EGG WHITE POWDER 450 G,insufficient information,FALSE,Has commitment and is reporting,0,0,0,0,0,0,0,1
2026-01,Canada,Walmart,"Great Value Large White 30 Eggs, 30 Count Eggs",insufficient information,FALSE,Has commitment and is reporting,0,0,0,0,0,0,0,1
2026-01,China,Suning,苏鲜生可生食鲜鸡蛋20枚礼盒,insufficient information,FALSE,Has no commitment and is not reporting,0,0,0,0,0,0,0,1
2026-01,China,Suning,苏鲜生 [苏宁自有品牌]可生食鲜鸡蛋1.8kg(30枚),insufficient information,FALSE,Has no commitment and is not reporting,0,0,0,0,0,0,0,1
2026-01,China,Suning,晋龙新鲜鸡蛋六无蛋30枚无鱼腥味无抗生素添加,insufficient information,FALSE,Has no commitment and is not reporting,0,0,0,0,0,0,0,1
2026-01,China,Suning,苏鲜生 [苏宁自有品牌]咯咯哒醇香金鸡蛋1.2千克(20枚)可生食鸡蛋 含有叶黄素和OMEGA,insufficient information,FALSE,Has no commitment and is not reporting,0,0,0,0,0,0,0,1
2026-01,China,Suning,苏鲜生 [苏宁自有品牌]可生食无抗富硒鸡蛋1.71千克(30枚),insufficient information,FALSE,Has no commitment and is not reporting,0,0,0,0,0,0,0,1
2026-01,China,Suning,顺丰快递黄天鹅可生食鸡蛋 20枚/2.12斤礼盒装 生鲜鸡蛋苏宁自营 无抗生素,aviary,FALSE,Has no commitment and is not reporting,1,0,1,0,0,0,0,0
2026-01,China,Suning,苏宁超市自营 晋龙 新鲜鸡蛋10枚红心蛋非农家散养鸡蛋,insufficient information,FALSE,Has no commitment and is not reporting,0,0,0,0,0,0,0,1
2026-01,China,Suning,[苏鲜生推荐] 雀淘 AA级皖南新鲜土鸡蛋30枚正宗农家橙心鸡蛋营养早餐,insufficient information,FALSE,Has no commitment and is not reporting,0,0,0,0,0,0,0,1
2026-01,China,Suning,苗佳新X五个农民可生食蛋绿色无抗鲜鸡蛋无菌蛋30枚1500g,cage-free not identified,FALSE,Has no commitment and is not reporting,1,0,0,0,0,1,0,0
2026-01,China,Suning,[熊猫鸟]新鲜虫草鸡蛋 20枚装 农家散养新鲜正宗草鸡蛋笨柴鸡蛋孕妇月子蛋整箱,free-range,FALSE,Has no commitment and is not reporting,1,0,0,1,0,0,0,0
2026-01,China,Suning,苗佳新可生食蛋绿色无抗鲜鸡蛋无菌蛋20枚/1000g,cage-free not identified,FALSE,Has no commitment and is not reporting,1,0,0,0,0,1,0,0
2026-01,China,Suning,[苏鲜生推荐] 雀淘 AA级皖南新鲜土鸡蛋40枚橙心鸡蛋正宗农家营养早餐,cage-free not identified,FALSE,Has no commitment and is not reporting,1,0,0,0,0,1,0,0
2026-01,China,Suning,[熊猫鸟]新鲜虫草鸡蛋 10枚装 农家散养新鲜正宗草鸡蛋笨柴鸡蛋孕妇月子蛋整箱,free-range,FALSE,Has no commitment and is not reporting,1,0,0,1,0,0,0,0
2026-01,China,Suning,[熊猫鸟]新鲜富硒鸡蛋 40枚装 农家散养新鲜正宗草鸡蛋笨柴鸡蛋孕妇月子蛋整箱,free-range,FALSE,Has no commitment and is not reporting,1,0,0,1,0,0,0,0
2026-01,China,Suning,[苏鲜生推荐] 雀淘 AA级皖南新鲜土鸡蛋20枚正宗农家橙心鸡蛋营养早餐,free-range,FALSE,Has no commitment and is not reporting,1,0,0,1,0,0,0,0
2026-01,China,Suning,顺丰快递[黄天鹅]黄天鹅可生食高品质鲜鸡蛋 30枚 可生食鸡蛋1,insufficient information,FALSE,Has no commitment and is not reporting,0,0,0,0,0,0,0,1
2026-01,China,Suning,[苏鲜生推荐] 雀淘 AA级皖南新鲜土鸡蛋50枚橙心鸡蛋正宗农家营养早餐,cage-free not identified,FALSE,Has no commitment and is not reporting,1,0,0,0,0,1,0,0
2026-01,China,Suning,苗佳新 可生食蛋绿色无抗鲜鸡蛋无菌蛋10枚500g,insufficient information,FALSE,Has no commitment and is not reporting,0,0,0,0,0,0,0,1
2026-01,China,Suning,顺丰快递[黄天鹅]黄天鹅可生食高品质鲜鸡蛋 4枚 可生食鸡蛋1,insufficient information,FALSE,Has no commitment and is not reporting,0,0,0,0,0,0,0,1
2026-01,China,Suning,苗佳新可生食蛋绿色无抗鲜鸡蛋无菌蛋30枚/1500g,organic,FALSE,Has no commitment and is not reporting,1,0,0,0,1,0,0,0
2026-01,China,Suning,[苏鲜生推荐]雀淘 五香卤蛋20枚 鸡蛋制品开袋即食整箱休闲食品零食小吃健康熟食,insufficient information,FALSE,Has no commitment and is not reporting,0,0,0,0,0,0,0,1
2026-01,China,Suning,正宗起沙流油泥腌麻酱鸡蛋礼盒装50g*20枚,insufficient information,FALSE,Has no commitment and is not reporting,0,0,0,0,0,0,0,1
2026-01,China,Suning,[熊猫鸟]新鲜富硒鸡蛋 10枚装 农家散养新鲜正宗草鸡蛋笨柴鸡蛋孕妇月子蛋整箱,free-range,FALSE,Has no commitment and is not reporting,1,0,0,1,0,0,0,0
2026-01,China,Suning,[神丹]高山散养保洁鸡蛋 绿壳蛋 鲜蛋无菌蛋40枚装 初产蛋初产鲜鸡蛋谷物喂养无抗,free-range,FALSE,Has no commitment and is not reporting,1,0,0,1,0,0,0,0
2026-01,China,Suning,苏鲜生 [苏宁自有品牌]咯咯哒醇香金鸡蛋1.8千克(30枚)可生食鸡蛋 含有叶黄素和OMEGA,insufficient information,FALSE,Has no commitment and is not reporting,0,0,0,0,0,0,0,1
2026-01,China,Suning,[神丹]30枚叶黄素鸡蛋 鲜鸡蛋谷物喂养无抗可生食认证初生蛋开窝蛋鲜鸡蛋,insufficient information,FALSE,Has no commitment and is not reporting,0,0,0,0,0,0,0,1
2026-01,China,Suning,[熊猫鸟]新鲜虫草鸡蛋 30枚装 农家散养新鲜正宗草鸡蛋笨柴鸡蛋孕妇月子蛋整箱,free-range,FALSE,Has no commitment and is not reporting,1,0,0,1,0,0,0,0
2026-01,China,Suning,[熊猫鸟]新鲜富硒鸡蛋 30枚装 农家散养新鲜正宗草鸡蛋笨柴鸡蛋孕妇月子蛋整箱,free-range,FALSE,Has no commitment and is not reporting,1,0,0,1,0,0,0,0
2026-01,China,Suning,礼盒装[熊猫鸟]新鲜虫草鸡蛋 15枚装 农家散养新鲜正宗草鸡蛋笨柴鸡蛋孕妇月子蛋整箱,free-range,FALSE,Has no commitment and is not reporting,1,0,0,1,0,0,0,0
2026-01,China,Suning,晋龙 新鲜鸡蛋40枚红心蛋非农家散养鸡蛋,free-range,FALSE,Has no commitment and is not reporting,1,0,0,1,0,0,0,0
2026-01,China,Suning,[五个农民]无抗富硒蛋 30枚装 土鸡蛋 新鲜鸡蛋 生鲜礼盒富硒蛋,free-range,FALSE,Has no commitment and is not reporting,1,0,0,1,0,0,0,0
2026-01,China,Suning,苗佳新可生食蛋绿色无抗鲜鸡蛋无菌蛋10枚/500g,insufficient information,FALSE,Has no commitment and is not reporting,0,0,0,0,0,0,0,1
2026-01,China,Suning,晋龙 叶黄素可生食新鲜鸡蛋30枚,insufficient information,FALSE,Has no commitment and is not reporting,0,0,0,0,0,0,0,1
2026-01,China,Suning,[富硒蛋]晋龙 新鲜鸡蛋30枚无抗富硒蛋,insufficient information,FALSE,Has no commitment and is not reporting,0,0,0,0,0,0,0,1
2026-01,China,Suning,礼盒装[熊猫鸟]新鲜富硒鸡蛋 15枚装 农家散养新鲜正宗草鸡蛋笨柴鸡蛋孕妇月子蛋整箱,free-range,FALSE,Has no commitment and is not reporting,1,0,0,1,0,0,0,0
2026-01,China,Suning,[苏鲜生推荐]雀淘 盐焗卤蛋20枚 开袋即食整箱休闲食品鸡蛋制品零食办公室小吃,insufficient information,FALSE,Has no commitment and is not reporting,0,0,0,0,0,0,0,1
2026-01,China,Suning,苗佳新可生食鲜鸡蛋30枚礼盒整箱无菌新鲜礼盒溏心蛋送礼礼品,insufficient information,FALSE,Has no commitment and is not reporting,0,0,0,0,0,0,0,1
2026-01,China,Suning,汇尔康(HR)土鸡蛋 新鲜草鸡蛋30枚 农家散养 柴鸡蛋笨鸡蛋月子蛋 非鸭蛋鹅蛋鹌鹑蛋,free-range,FALSE,Has no commitment and is not reporting,1,0,0,1,0,0,0,0
2026-01,China,Suning,苗佳新 谷物鲜鸡蛋30枚/1500g,insufficient information,FALSE,Has no commitment and is not reporting,0,0,0,0,0,0,0,1
2026-01,China,Suning,[可生食 出口级]晋龙新鲜鸡蛋30枚可生食六无蛋,insufficient information,FALSE,Has no commitment and is not reporting,0,0,0,0,0,0,0,1
2026-01,China,Suning,苗佳新 可生食蛋绿色无抗鲜鸡蛋无菌蛋20枚,insufficient information,FALSE,Has no commitment and is not reporting,0,0,0,0,0,0,0,1
2026-01,China,Suning,快挑食 土鸡蛋 农家散养新鲜20枚草鸡蛋柴鸡蛋本笨鸡蛋 非鹌鹑蛋鸭蛋 笨鸡蛋柴鸡蛋草鸡,free-range,FALSE,Has no commitment and is not reporting,1,0,0,1,0,0,0,0
2026-01,China,Suning,快挑食 土鸡蛋 农家散养新鲜20枚草鸡蛋柴鸡蛋本笨鸡蛋 非鹌鹑蛋鸭蛋 笨鸡蛋柴鸡蛋草鸡,free-range,FALSE,Has no commitment and is not reporting,1,0,0,1,0,0,0,0
2026-01,China,Suning,礼盒装[熊猫鸟]新鲜虫草鸡蛋 30枚装 农家散养新鲜正宗草鸡蛋笨柴鸡蛋孕妇月子蛋整箱,free-range,FALSE,Has no commitment and is not reporting,1,0,0,1,0,0,0,0
2026-01,China,Suning,[熊猫鸟]新鲜富硒鸡蛋 50枚装 农家散养新鲜正宗草鸡蛋笨柴鸡蛋孕妇月子蛋整箱,free-range,FALSE,Has no commitment and is not reporting,1,0,0,1,0,0,0,0
2026-01,China,Suning,[神丹]绿壳鸡蛋可生食保洁蛋 20枚 黑鸡绿蛋新鲜散养鲜鸡蛋 保洁蛋,free-range,FALSE,Has no commitment and is not reporting,1,0,0,1,0,0,0,0
2026-01,China,Suning,[神丹]保洁鲜鸡蛋 40枚装 农家谷物喂养初产蛋初产鲜鸡蛋谷物喂养无抗可生食认证,insufficient information,FALSE,Has no commitment and is not reporting,0,0,0,0,0,0,0,1
2026-01,China,Suning,[熊猫鸟]新鲜虫草鸡蛋 40枚装 农家散养新鲜正宗草鸡蛋笨柴鸡蛋孕妇月子蛋整箱,free-range,FALSE,Has no commitment and is not reporting,1,0,0,1,0,0,0,0
2026-01,China,Suning,[熊猫鸟]新鲜虫草鸡蛋 50枚装 农家散养新鲜正宗草鸡蛋笨柴鸡蛋孕妇月子蛋整箱,free-range,FALSE,Has no commitment and is not reporting,1,0,0,1,0,0,0,0
2026-01,China,Suning,[熊猫鸟]新鲜富硒鸡蛋 20枚装 农家散养新鲜正宗草鸡蛋笨柴鸡蛋孕妇月子蛋整箱,free-range,FALSE,Has no commitment and is not reporting,1,0,0,1,0,0,0,0
2026-01,China,Suning,礼盒装[熊猫鸟]新鲜富硒鸡蛋 30枚装 农家散养新鲜正宗草鸡蛋笨柴鸡蛋孕妇月子蛋整箱,free-range,FALSE,Has no commitment and is not reporting,1,0,0,1,0,0,0,0
2026-01,China,Suning,[神丹]30枚无菌保洁蛋 初产蛋 初产鲜鸡蛋谷物喂养无抗可生食认证初生蛋开窝蛋鲜鸡蛋,insufficient information,FALSE,Has no commitment and is not reporting,0,0,0,0,0,0,0,1
2026-01,China,Suning,[神丹]30枚可生食鲜鸡蛋 初产蛋 初产鲜鸡蛋谷物喂养无抗可生食认证初生蛋开窝蛋鲜鸡蛋,insufficient information,FALSE,Has no commitment and is not reporting,0,0,0,0,0,0,0,1
2026-01,China,Suning,[神丹]开窝鲜鸡蛋 40枚装 农家谷物喂养 初产蛋谷物喂养无抗可生食认证初生蛋开窝蛋,cage-free not identified,FALSE,Has no commitment and is not reporting,1,0,0,0,0,1,0,0
2026-01,China,Suning,[神丹]高山散养有机鸡蛋 32枚 礼盒装 绿壳蛋 初产蛋初产鲜鸡蛋谷物喂养无抗,free-range,FALSE,Has no commitment and is not reporting,1,0,0,1,0,0,0,0
2026-01,China,Suning,[神丹]谷物蛋无菌保洁鸡蛋32枚装 初产蛋初产鲜鸡蛋谷物喂养无抗可生食认证初生蛋,insufficient information,FALSE,Has no commitment and is not reporting,0,0,0,0,0,0,0,1
2026-01,China,Suning,[苏鲜生推荐]雀淘 五香卤蛋30枚 鸡蛋制品开袋即食整箱休闲食品零食小吃健康熟食,insufficient information,FALSE,Has no commitment and is not reporting,0,0,0,0,0,0,0,1
2026-01,China,Suning,顺丰快递[黄天鹅]黄天鹅可生食高品质鲜鸡蛋 30枚 L级 可生食鸡蛋1,insufficient information,FALSE,Has no commitment and is not reporting,0,0,0,0,0,0,0,1
2026-01,China,Suning,快挑食 新鲜鹌鹑蛋鸟蛋25枚 农家散养非鸡蛋鹅蛋鸽子蛋鸭蛋变蛋,free-range,FALSE,Has no commitment and is not reporting,1,0,0,1,0,0,0,0
2026-01,China,Suning,快挑食 新鲜鹌鹑蛋鸟蛋50枚 农家散养非鸡蛋鹅蛋鸽子蛋鸭蛋变蛋,free-range,FALSE,Has no commitment and is not reporting,1,0,0,1,0,0,0,0
2026-01,China,Suning,快挑食 新鲜鹌鹑蛋鸟蛋50枚 农家散养非鸡蛋鹅蛋鸽子蛋鸭蛋变蛋,free-range,FALSE,Has no commitment and is not reporting,1,0,0,1,0,0,0,0
2026-01,China,Suning,[苏鲜生推荐]雀淘 盐焗卤蛋30枚 开袋即食整箱休闲食品鸡蛋制品零食办公室小吃,insufficient information,FALSE,Has no commitment and is not reporting,0,0,0,0,0,0,0,1
2026-01,China,Suning,叶黄素可生食鲜鸡蛋30枚,insufficient information,FALSE,Has no commitment and is not reporting,0,0,0,0,0,0,0,1
2026-01,China,Suning,沃农场麻酱鸡蛋1kg(50g*20枚)/盒,insufficient information,FALSE,Has no commitment and is not reporting,0,0,0,0,0,0,0,1
2026-01,China,Suning,[神丹]虎皮鸡蛋&五香卤蛋 共20枚 2袋 鸡蛋即食零食夜宵 小零食,insufficient information,FALSE,Has no commitment and is not reporting,0,0,0,0,0,0,0,1
2026-01,China,Suning,顺丰快递[黄天鹅]黄天鹅可生食高品质鲜鸡蛋 10枚 可生食鸡蛋1,insufficient information,FALSE,Has no commitment and is not reporting,0,0,0,0,0,0,0,1
2026-01,China,Suning,顺丰快递[黄天鹅]黄天鹅可生食高品质鲜鸡蛋 40枚 可生食鸡蛋1,insufficient information,FALSE,Has no commitment and is not reporting,0,0,0,0,0,0,0,1
2026-01,China,Suning,[熊猫鸟]新鲜谷物蛋 20枚装 农家散养新鲜正宗草鸡蛋笨柴鸡蛋孕妇月子蛋整箱,free-range,FALSE,Has no commitment and is not reporting,1,0,0,1,0,0,0,0
2026-01,China,Suning,雀淘AA级新鲜土鸡蛋15枚装无沙门氏菌农家放养草鸡蛋营养早餐顺丰发货,free-range,FALSE,Has no commitment and is not reporting,1,0,0,1,0,0,0,0
2026-01,China,Suning,[熊猫鸟]新鲜谷物蛋 10枚装 农家散养新鲜正宗草鸡蛋笨柴鸡蛋孕妇月子蛋整箱禽蛋,free-range,FALSE,Has no commitment and is not reporting,1,0,0,1,0,0,0,0
2026-01,China,Suning,[熊猫鸟]新鲜虫草乌鸡蛋 20枚装 农家散养新鲜正宗草鸡蛋笨柴鸡蛋孕妇月子蛋整箱,free-range,FALSE,Has no commitment and is not reporting,1,0,0,1,0,0,0,0
2026-01,China,Suning,[西沛生鲜]新鲜谷物蛋 20枚装 农家散养新鲜正宗草鸡蛋笨柴鸡蛋孕妇月子蛋整箱,free-range,FALSE,Has no commitment and is not reporting,1,0,0,1,0,0,0,0
2026-01,China,Suning,[熊猫鸟]新鲜谷物蛋 30枚装 农家散养新鲜正宗草鸡蛋笨柴鸡蛋孕妇月子蛋整箱,free-range,FALSE,Has no commitment and is not reporting,1,0,0,1,0,0,0,0
2026-01,China,Suning,[西沛生鲜]新鲜谷物蛋 10枚装 农家散养新鲜正宗草鸡蛋笨柴鸡蛋孕妇月子蛋整箱,free-range,FALSE,Has no commitment and is not reporting,1,0,0,1,0,0,0,0
2026-01,China,Suning,[熊猫鸟]新鲜虫草乌鸡蛋 10枚装 农家散养新鲜正宗草鸡蛋笨柴鸡蛋孕妇月子蛋整箱,free-range,FALSE,Has no commitment and is not reporting,1,0,0,1,0,0,0,0
2026-01,China,Suning,[五个农民]现捡现发 营养丰富 皖南九华山散养土鸡蛋30枚,free-range,FALSE,Has no commitment and is not reporting,1,0,0,1,0,0,0,0
2026-01,China,Suning,雀淘 卤蛋盐焗口味鹌鹑蛋21g/袋 20袋装 卤味卤蛋解馋小零食办公室休闲小吃开袋即食,insufficient information,FALSE,Has no commitment and is not reporting,0,0,0,0,0,0,0,1
2026-01,China,Suning,雀淘 酱香鸡蛋干100g/袋卤香味 10袋装 全鸡鸡蛋蛋干炒菜休闲豆干开袋即食秘制凉拌菜,insufficient information,FALSE,Has no commitment and is not reporting,0,0,0,0,0,0,0,1
2026-01,China,Suning,[西沛生鲜]新鲜谷物蛋 30枚装 农家散养新鲜正宗草鸡蛋笨柴鸡蛋孕妇月子蛋整箱,free-range,FALSE,Has no commitment and is not reporting,1,0,0,1,0,0,0,0
2026-01,China,Suning,[熊猫鸟]新鲜谷物蛋 50枚装 农家散养新鲜正宗草鸡蛋笨柴鸡蛋孕妇月子蛋整箱,free-range,FALSE,Has no commitment and is not reporting,1,0,0,1,0,0,0,0
2026-01,China,Suning,雀淘AA级新鲜土鸡蛋20枚装无沙门氏菌农家放养草鸡蛋营养早餐顺丰发货,free-range,FALSE,Has no commitment and is not reporting,1,0,0,1,0,0,0,0
2026-01,China,Suning,五个农民 30枚装 1200g湖北草鸡蛋 现捡现发土鸡蛋 农家自养,free-range,FALSE,Has no commitment and is not reporting,1,0,0,1,0,0,0,0
2026-01,China,Suning,[熊猫鸟]新鲜谷物蛋 40枚装 农家散养新鲜正宗草鸡蛋笨柴鸡蛋孕妇月子蛋整箱,free-range,FALSE,Has no commitment and is not reporting,1,0,0,1,0,0,0,0
2026-01,China,Suning,[熊猫鸟]新鲜虫草乌鸡蛋 30枚装 农家散养新鲜正宗草鸡蛋笨柴鸡蛋孕妇月子蛋整箱,free-range,FALSE,Has no commitment and is not reporting,1,0,0,1,0,0,0,0
2026-01,China,Suning,[熊猫鸟]新鲜土鸡蛋 10枚装 农家散养新鲜正宗草鸡蛋笨柴鸡蛋孕妇月子蛋整箱,free-range,FALSE,Has no commitment and is not reporting,1,0,0,1,0,0,0,0
2026-01,China,Suning,五个农民 40枚装 1600g湖北草鸡蛋 现捡现发土鸡蛋 农家自养,free-range,FALSE,Has no commitment and is not reporting,1,0,0,1,0,0,0,0
2026-01,China,Suning,[熊猫鸟]新鲜虫草乌鸡蛋 40枚装 农家散养新鲜正宗草鸡蛋笨柴鸡蛋孕妇月子蛋整箱,free-range,FALSE,Has no commitment and is not reporting,1,0,0,1,0,0,0,0
2026-01,China,Suning,雀淘AA级新鲜土鸡蛋30枚装无沙门氏菌农家放养草鸡蛋营养早餐顺丰发货,free-range,FALSE,Has no commitment and is not reporting,1,0,0,1,0,0,0,0
2026-01,China,Suning,[熊猫鸟]新鲜土鸡蛋 20枚装 农家散养新鲜正宗草鸡蛋笨柴鸡蛋孕妇月子蛋整箱,free-range,FALSE,Has no commitment and is not reporting,1,0,0,1,0,0,0,0
2026-01,China,Suning,[西沛生鲜]新鲜谷物蛋 50枚装 农家散养新鲜正宗草鸡蛋笨柴鸡蛋孕妇月子蛋整箱,free-range,FALSE,Has no commitment and is not reporting,1,0,0,1,0,0,0,0
2026-01,China,Suning,[西沛生鲜]新鲜谷物蛋 40枚装 农家散养新鲜正宗草鸡蛋笨柴鸡蛋孕妇月子蛋整箱,free-range,FALSE,Has no commitment and is not reporting,1,0,0,1,0,0,0,0
2026-01,China,Suning,[五个农民]现捡现发 营养丰富皖南九华山散养土鸡蛋 40枚装,free-range,FALSE,Has no commitment and is not reporting,1,0,0,1,0,0,0,0
2026-01,China,Suning,五个农民 12枚装 480g湖北三峡草鸡蛋 现捡现发土鸡蛋 农家自养,free-range,FALSE,Has no commitment and is not reporting,1,0,0,1,0,0,0,0
2026-01,China,Suning,[熊猫鸟]新鲜绿壳蛋 10枚装 农家散养新鲜正宗草鸡蛋笨柴鸡蛋孕妇月子蛋整箱,free-range,FALSE,Has no commitment and is not reporting,1,0,0,1,0,0,0,0
2026-01,China,Suning,五个农民 20枚装 800g湖北草鸡蛋 现捡现发土鸡蛋 农家自养,free-range,FALSE,Has no commitment and is not reporting,1,0,0,1,0,0,0,0
2026-01,China,Suning,[五个农民]湖北三峡农家散养土鸡蛋30枚,free-range,FALSE,Has no commitment and is not reporting,1,0,0,1,0,0,0,0
2026-01,China,Suning,"[破损1枚赔3枚]15年品牌,附绿色食品检测报告,苏北农家散养土鸡蛋 60枚 精品礼盒装",free-range,FALSE,Has no commitment and is not reporting,1,0,0,1,0,0,0,0
2026-01,China,Suning,国谷旦 苏北草鸡蛋 土鸡蛋 获第十三届上海国际名优特农产品金奖,free-range,FALSE,Has no commitment and is not reporting,1,0,0,1,0,0,0,0
2026-01,China,Suning,[熊猫鸟]新鲜土鸡蛋 30枚装 农家散养新鲜正宗草鸡蛋笨柴鸡蛋孕妇月子蛋整箱,free-range,FALSE,Has no commitment and is not reporting,1,0,0,1,0,0,0,0
2026-01,China,Suning,[熊猫鸟]新鲜土鸡蛋 40枚装 农家散养新鲜正宗草鸡蛋笨柴鸡蛋孕妇月子蛋整箱,free-range,FALSE,Has no commitment and is not reporting,1,0,0,1,0,0,0,0
2026-01,China,Suning,[熊猫鸟]新鲜土鸡蛋 50枚装 农家散养新鲜正宗草鸡蛋笨柴鸡蛋孕妇月子蛋整箱,free-range,FALSE,Has no commitment and is not reporting,1,0,0,1,0,0,0,0
2026-01,China,Suning,[熊猫鸟]新鲜绿壳蛋 20枚装 农家散养新鲜正宗草鸡蛋笨柴鸡蛋孕妇月子蛋整箱,free-range,FALSE,Has no commitment and is not reporting,1,0,0,1,0,0,0,0
2026-01,China,Suning,[熊猫鸟]新鲜绿壳蛋 30枚装 农家散养新鲜正宗草鸡蛋笨柴鸡蛋孕妇月子蛋整箱,free-range,FALSE,Has no commitment and is not reporting,1,0,0,1,0,0,0,0
2026-01,China,Suning,[熊猫鸟]新鲜绿壳蛋 40枚装 农家散养新鲜正宗草鸡蛋笨柴鸡蛋孕妇月子蛋整箱,free-range,FALSE,Has no commitment and is not reporting,1,0,0,1,0,0,0,0
2026-01,China,Suning,[熊猫鸟]新鲜绿壳蛋 50枚装 农家散养新鲜正宗草鸡蛋笨柴鸡蛋孕妇月子蛋整箱,free-range,FALSE,Has no commitment and is not reporting,1,0,0,1,0,0,0,0
2026-01,China,Suning,[熊猫鸟]新鲜虫草乌鸡蛋 50枚装 农家散养新鲜正宗草鸡蛋笨柴鸡蛋孕妇月子蛋整箱,free-range,FALSE,Has no commitment and is not reporting,1,0,0,1,0,0,0,0
2026-01,China,Suning,雀淘AA级新鲜土鸡蛋50枚装无沙门氏菌农家放养草鸡蛋营养早餐顺丰发货,free-range,FALSE,Has no commitment and is not reporting,1,0,0,1,0,0,0,0
2026-01,China,Suning,雀淘 酱香鸡蛋干100g/袋卤香味 20袋装 全鸡鸡蛋蛋干炒菜休闲豆干开袋即食秘制凉拌菜,insufficient information,FALSE,Has no commitment and is not reporting,0,0,0,0,0,0,0,1
2026-01,China,Suning,雀淘 卤蛋盐焗口味鹌鹑蛋21g/袋 40袋装 卤味卤蛋解馋小零食办公室休闲小吃开袋即食,insufficient information,FALSE,Has no commitment and is not reporting,0,0,0,0,0,0,0,1
2026-01,China,Suning,雀淘 卤蛋香辣口味卤鹌鹑蛋21g/袋 20袋装 麻辣卤味解馋小零食办公室休闲小吃开袋即食,insufficient information,FALSE,Has no commitment and is not reporting,0,0,0,0,0,0,0,1
2026-01,China,Suning,雀淘 卤蛋香辣口味卤鹌鹑蛋21g/袋 40袋装 麻辣卤味解馋小零食办公室休闲小吃开袋即食,insufficient information,FALSE,Has no commitment and is not reporting,0,0,0,0,0,0,0,1
2026-01,China,Suning,雀淘 五香卤蛋卤鹌鹑蛋21g/袋 20袋装 秘制五香口味解馋小零食办公室休闲小吃开袋即食,insufficient information,FALSE,Has no commitment and is not reporting,0,0,0,0,0,0,0,1
2026-01,China,Suning,雀淘 五香卤蛋卤鹌鹑蛋21g/袋 40袋装 秘制五香口味解馋小零食办公室休闲小吃开袋即食,insufficient information,FALSE,Has no commitment and is not reporting,0,0,0,0,0,0,0,1
2026-01,China,Suning,金龙鱼风味系列手擀风味鸡蛋麦芯挂面组合装900g*3袋 家庭夜宵早餐午餐汤面拌面面条,insufficient information,FALSE,Has no commitment and is not reporting,0,0,0,0,0,0,0,1
2026-01,China,Suning,康师傅方便面红烧香辣牛肉面香菇炖鸡鲜虾鱼板番茄鸡蛋酸菜泡面经典香辣袋装泡面,insufficient information,FALSE,Has no commitment and is not reporting,0,0,0,0,0,0,0,1
2026-01,China,Suning,金沙河 鸡蛋麦芯挂面3斤易消化营养面方便速食 早餐面汤1.5KG 3斤*1袋,insufficient information,FALSE,Has no commitment and is not reporting,0,0,0,0,0,0,0,1
2026-01,China,Suning,鲁花(考拉)活性鸡蛋银丝面条600g 微发酵挂面 仿手工 劲道爽滑,insufficient information,FALSE,Has no commitment and is not reporting,0,0,0,0,0,0,0,1
2026-01,China,Suning,鲁花(考拉)活性鸡蛋精细面条600g微发酵挂面 仿手工 劲道爽滑,insufficient information,FALSE,Has no commitment and is not reporting,0,0,0,0,0,0,0,1
2026-01,China,Suning,艾提尕鸡蛋挂面1.5kg/袋 其他 1.5kg/袋,insufficient information,FALSE,Has no commitment and is not reporting,0,0,0,0,0,0,0,1
2026-01,China,Suning,艾提尕鸡蛋挂面750g/袋 其他 750g/袋,insufficient information,FALSE,Has no commitment and is not reporting,0,0,0,0,0,0,0,1
2026-01,China,Suning,艾提尕鸡蛋挂面1kg/袋 其他 1kg/挂,insufficient information,FALSE,Has no commitment and is not reporting,0,0,0,0,0,0,0,1
2026-01,China,Suning,想念宝宝 鸡蛋挂面260g袋装 儿童 营养速食 面条 细面条待煮挂面 米面粮油,insufficient information,FALSE,Has no commitment and is not reporting,0,0,0,0,0,0,0,1
2026-01,China,Suning,想念面条 无盐鸡蛋挂面900g*2袋宽细挂面家用实惠用实惠,insufficient information,FALSE,Has no commitment and is not reporting,0,0,0,0,0,0,0,1
2026-01,China,Suning,鲁花经典(熊猫)鸡蛋精细面条600g*15袋*4箱共60袋,insufficient information,FALSE,Has no commitment and is not reporting,0,0,0,0,0,0,0,1
2026-01,China,Suning,鲁花经典六艺活性鸡蛋精细挂面600g*2爽滑耐煮不糊汤面条[考拉系列],insufficient information,FALSE,Has no commitment and is not reporting,0,0,0,0,0,0,0,1
2026-01,China,Suning,统一茄皇方便面新疆番茄鸡蛋桶装泡面方便速食夜宵120g*12桶,insufficient information,FALSE,Has no commitment and is not reporting,0,0,0,0,0,0,0,1
2026-01,China,Suning,来伊份 鸡蛋煎饼120g袋鸡蛋卷饼干休闲零食小吃传统糕点点心原味,insufficient information,FALSE,Has no commitment and is not reporting,0,0,0,0,0,0,0,1
2026-01,China,Suning,贤哥盐焗鸡蛋学生宿舍囤货追剧休闲山椒零食卤蛋30g鸡蛋即食*20个盐焗蛋,insufficient information,FALSE,Has no commitment and is not reporting,0,0,0,0,0,0,0,1
2026-01,China,Suning,波力蛋卷324g*2盒装鸡蛋味波力捲鸡蛋卷夹心卷饼干零食送礼盒装小吃,insufficient information,FALSE,Has no commitment and is not reporting,0,0,0,0,0,0,0,1
2026-01,China,Suning,[鸡蛋含量≥50%]戚风蛋糕400g整箱松软可口好吃的糕点学生早餐代餐饱腹零食批发,insufficient information,FALSE,Has no commitment and is not reporting,0,0,0,0,0,0,0,1
2026-01,China,Suning,[鸡蛋含量≥50%]戚风蛋糕800g(约18包)整箱松软可口好吃的糕点学生早餐代餐饱腹零食批发,insufficient information,FALSE,Has no commitment and is not reporting,0,0,0,0,0,0,0,1
2026-01,China,Suning,推荐_[三只松鼠_港式鸡蛋仔400g*2箱]营养早餐食品短保蛋糕糕点,insufficient information,FALSE,Has no commitment and is not reporting,0,0,0,0,0,0,0,1
2026-01,China,Suning,贤哥盐焗鸡蛋学生宿舍囤货追剧休闲山椒零食卤蛋30g鸡蛋即食*10个盐焗蛋,insufficient information,FALSE,Has no commitment and is not reporting,0,0,0,0,0,0,0,1
2026-01,China,Suning,佬食仁 [港式鸡蛋仔蛋糕400g整箱约11包] 面包营养早餐零食小吃,insufficient information,FALSE,Has no commitment and is not reporting,0,0,0,0,0,0,0,1
2026-01,China,Suning,达利园 欧式蛋糕鸡蛋味5斤箱装零食点心代餐早餐(新老包装随机发货),insufficient information,FALSE,Has no commitment and is not reporting,0,0,0,0,0,0,0,1
2026-01,China,Suning,达利园欧式蛋糕1.5kg早餐面包糕点零食休闲点心面包整箱鸡蛋味,insufficient information,FALSE,Has no commitment and is not reporting,0,0,0,0,0,0,0,1
2026-01,China,Suning,港荣蒸鸡蛋原味蛋糕480克箱装美味享不停,insufficient information,FALSE,Has no commitment and is not reporting,0,0,0,0,0,0,0,1
2026-01,China,Suning,[鸡蛋含量≥50%]肉松戚风蛋糕350g整箱松软可口好吃的糕点学生早餐代餐饱腹零食批发,insufficient information,FALSE,Has no commitment and is not reporting,0,0,0,0,0,0,0,1
2026-01,China,Suning,[鸡蛋含量≥50%]肉松戚风蛋糕350g*2箱 整箱松软可口好吃的糕点学生早餐代餐饱腹零食批发,insufficient information,FALSE,Has no commitment and is not reporting,0,0,0,0,0,0,0,1
2026-01,China,Suning,贤哥盐焗鸡蛋学生宿舍囤货追剧休闲山椒零食卤蛋30g鸡蛋即食*30个盐焗蛋,insufficient information,FALSE,Has no commitment and is not reporting,0,0,0,0,0,0,0,1
2026-01,China,Suning,无穷虎皮香辣味鸡蛋卤蛋休闲零食泡面搭档美味零食盒装 400g/16个,insufficient information,FALSE,Has no commitment and is not reporting,0,0,0,0,0,0,0,1
2026-01,China,Suning,贤哥盐焗鸡蛋学生宿舍囤货追剧休闲山椒零食卤蛋30g鸡蛋即食*10个山椒蛋,insufficient information,FALSE,Has no commitment and is not reporting,0,0,0,0,0,0,0,1
2026-01,China,Suning,贤哥盐焗鸡蛋学生宿舍囤货追剧休闲山椒零食卤蛋30g鸡蛋即食*30个山椒蛋,insufficient information,FALSE,Has no commitment and is not reporting,0,0,0,0,0,0,0,1
2026-01,China,Suning,贤哥盐焗鸡蛋学生宿舍囤货追剧休闲山椒零食卤蛋30g鸡蛋即食*20个山椒蛋,insufficient information,FALSE,Has no commitment and is not reporting,0,0,0,0,0,0,0,1
2026-01,China,Suning,金龙鱼爽滑鸡蛋面精细挂面800g*3袋 家常劲道汤面拌面面条,insufficient information,FALSE,Has no commitment and is not reporting,0,0,0,0,0,0,0,1
2026-01,China,Suning,金龙鱼 挂面 家常劲道汤面拌面面条 爽滑鸡蛋面精细挂面 800g*15袋,insufficient information,FALSE,Has no commitment and is not reporting,0,0,0,0,0,0,0,1
2026-01,China,Suning,好丽友蛋黄派10枚散装糕点夹心早餐蛋糕零食小吃甜点心休闲食品,insufficient information,FALSE,Has no commitment and is not reporting,0,0,0,0,0,0,0,1
2026-01,China,Suning,统一茄皇方便面新疆番茄鸡蛋面西红柿牛肉面袋装泡面速食食品,insufficient information,FALSE,Has no commitment and is not reporting,0,0,0,0,0,0,0,1
2026-01,China,Suning,好丽友蛋黄派30枚散装糕点夹心早餐蛋糕零食小吃甜点心休闲食品,insufficient information,FALSE,Has no commitment and is not reporting,0,0,0,0,0,0,0,1
2026-01,China,Suning,好丽友蛋黄派15枚散装糕点夹心早餐蛋糕零食小吃甜点心休闲食品,insufficient information,FALSE,Has no commitment and is not reporting,0,0,0,0,0,0,0,1
2026-01,China,Suning,想念麦胚龙须面原味挂面鸡蛋面柳叶面900g多口味宽细面条易煮爽滑,insufficient information,FALSE,Has no commitment and is not reporting,0,0,0,0,0,0,0,1
2026-01,China,Suning,好丽友蛋黄派5枚散装糕点夹心早餐蛋糕零食小吃甜点心休闲食品,insufficient information,FALSE,Has no commitment and is not reporting,0,0,0,0,0,0,0,1
2026-01,China,Suning,好丽友蛋黄派20枚散装糕点夹心早餐蛋糕零食小吃甜点心休闲食品,insufficient information,FALSE,Has no commitment and is not reporting,0,0,0,0,0,0,0,1
2026-01,China,Suning,统一茄皇鸡蛋面120g*12桶,insufficient information,FALSE,Has no commitment and is not reporting,0,0,0,0,0,0,0,1
2026-01,China,Suning,统一好劲道鸡蛋面27包整箱批发麻辣味方便面干脆面捏碎面干吃面,insufficient information,FALSE,Has no commitment and is not reporting,0,0,0,0,0,0,0,1
2026-01,China,Suning,黎记黎记手工全蛋面1.5kg 礼盒装鸡蛋面非油炸爽口不面糊竹升面汤炒面 1.5kg手工全蛋面,insufficient information,FALSE,Has no commitment and is not reporting,0,0,0,0,0,0,0,1
2026-01,China,Suning,壹得利黄油巧克力吐司厚切面包早餐代餐整箱食品,insufficient information,FALSE,Has no commitment and is not reporting,0,0,0,0,0,0,0,1
2026-01,China,Suning,统一好劲道鸡蛋面12桶整箱批发红烧红油酸菜好吃的桶装方便面,insufficient information,FALSE,Has no commitment and is not reporting,0,0,0,0,0,0,0,1
2026-01,China,Suning,来伊份 酱香蛋干162g卤香味 鸡蛋干豆腐干休闲零食小吃素食办公室下午茶夜宵小食,insufficient information,FALSE,Has no commitment and is not reporting,0,0,0,0,0,0,0,1
2026-01,China,Suning,统一茄皇方便面新疆番茄鸡蛋面西红柿桶装泡面方便速食夜宵120g*6桶,insufficient information,FALSE,Has no commitment and is not reporting,0,0,0,0,0,0,0,1
2026-01,China,Suning,华味亨卤蛋300g共10个五香味盐焗鸡蛋零食小吃休闲非乡巴佬,insufficient information,FALSE,Has no commitment and is not reporting,0,0,0,0,0,0,0,1
2026-01,China,Suning,无穷盐焗鸡蛋即食卤蛋独立包装营养早餐零食办公室小吃盐焗鸡蛋600g,insufficient information,FALSE,Has no commitment and is not reporting,0,0,0,0,0,0,0,1
2026-01,China,Suning,统一茄皇方便面新疆番茄鸡蛋面西红柿牛肉面桶装泡面方便速食夜宵120*12桶,insufficient information,FALSE,Has no commitment and is not reporting,0,0,0,0,0,0,0,1
2026-01,China,Suning,元朗荣华WING WAH黄鸡仔原味蛋卷450克罐装香脆可口传统风味,insufficient information,FALSE,Has no commitment and is not reporting,0,0,0,0,0,0,0,1
2026-01,China,Suning,无穷盐焗鸡蛋卤蛋泡面搭档经典休闲零食100g*2袋(8小包),insufficient information,FALSE,Has no commitment and is not reporting,0,0,0,0,0,0,0,1
2026-01,China,Suning,统一 茄皇 新疆番茄鸡蛋面 120g桶面*12桶 整箱装,insufficient information,FALSE,Has no commitment and is not reporting,0,0,0,0,0,0,0,1
2026-01,China,Suning,正麦超细蛋面 鸡蛋面 含料包 方便食品 1.6kg,insufficient information,FALSE,Has no commitment and is not reporting,0,0,0,0,0,0,0,1
2026-01,India,Star Bazaar (Trent/Tata),"Bhairavnath Eggs Tray Pack Of 30
#Bachate₹aho
Regular price
MRP  
₹ 270.00
Sale price
₹ 259.00",insufficient information,FALSE,Has no commitment and is not reporting,0,0,0,0,0,0,0,1
2026-01,India,Star Bazaar (Trent/Tata),"Bhairavnath Eggs Tray Pack Of 30
#Bachate₹aho
Regular price
MRP  
₹ 240.00
Sale price
₹ 239.00",insufficient information,FALSE,Has no commitment and is not reporting,0,0,0,0,0,0,0,1
2026-01,India,Star Bazaar (Trent/Tata),"Freshen Eggs Pack Of 30
#Bachate₹aho
Regular price
MRP  
₹ 360.00
Sale price
₹ 249.00",insufficient information,FALSE,Has no commitment and is not reporting,0,0,0,0,0,0,0,1
2026-01,India,Star Bazaar (Trent/Tata),"Namdeo Regular Farm Eggs 30 Pcs
#Bachate₹aho
Regular price
MRP  
₹ 250.00
Sale price
₹ 249.00",insufficient information,FALSE,Has no commitment and is not reporting,0,0,0,0,0,0,0,1
2026-01,India,Star Bazaar (Trent/Tata),"Bhairavnath Eggs Tray Pack Of 12
#Bachate₹aho
Regular price
MRP  
₹ 100.00
Sale price
₹ 98.00",insufficient information,FALSE,Has no commitment and is not reporting,0,0,0,0,0,0,0,1
2026-01,India,Star Bazaar (Trent/Tata),"Daily Fresh Eggs Pack Of 30 Pcs
#Bachate₹aho
Regular price
MRP  
₹ 250.00
Sale price
₹ 249.00",insufficient information,FALSE,Has no commitment and is not reporting,0,0,0,0,0,0,0,1
2026-01,India,Star Bazaar (Trent/Tata),"Suguna Eggs Pack Of 30
#Bachate₹aho
Regular price
MRP  
₹ 280.00
Sale price
₹ 275.00",insufficient information,FALSE,Has no commitment and is not reporting,0,0,0,0,0,0,0,1
2026-01,India,Star Bazaar (Trent/Tata),"Happy Eggs White Pack Of 6
#Bachate₹aho
Regular price
MRP  
₹ 55.00
Sale price
₹ 49.00",cage-free not identified,FALSE,Has no commitment and is not reporting,1,0,0,0,0,1,0,0
2026-01,India,Star Bazaar (Trent/Tata),"Freshen Eggs Pack Of 30
#Bachate₹aho
Regular price
MRP  
₹ 360.00
Sale price
₹ 245.00",insufficient information,FALSE,Has no commitment and is not reporting,0,0,0,0,0,0,0,1
2026-01,India,Star Bazaar (Trent/Tata),"Ntm Natural Healthy Brown Eggs Pack Of 6 Pc
#Bachate₹aho
Regular price
MRP  
₹ 85.00
Sale price
₹ 79.00",insufficient information,FALSE,Has no commitment and is not reporting,0,0,0,0,0,0,0,1
2026-01,India,Star Bazaar (Trent/Tata),"Happy Eggs White Pack Of 6
#Bachate₹aho
Regular price
MRP  
₹ 55.00
Sale price
₹ 49.00",cage-free not identified,FALSE,Has no commitment and is not reporting,1,0,0,0,0,1,0,0
2026-01,India,Star Bazaar (Trent/Tata),"Bhairavnath Eggs Tray Pack Of 12
#Bachate₹aho
Regular price
MRP  
₹ 100.00
Sale price
₹ 98.00",insufficient information,FALSE,Has no commitment and is not reporting,0,0,0,0,0,0,0,1
2026-01,India,Star Bazaar (Trent/Tata),"Bhairavnath Eggs Tray Pack Of 30
#Bachate₹aho
Regular price
MRP  
₹ 240.00
Sale price
₹ 239.00",insufficient information,FALSE,Has no commitment and is not reporting,0,0,0,0,0,0,0,1
2026-01,India,Star Bazaar (Trent/Tata),"Suguna Eggs Pack Of 30
#Bachate₹aho
Regular price
MRP  
₹ 280.00
Sale price
₹ 275.00",insufficient information,FALSE,Has no commitment and is not reporting,0,0,0,0,0,0,0,1
2026-01,India,Star Bazaar (Trent/Tata),"Nutreen Brown Eggs Tray Pack Pack Of 30
#Bachate₹aho
Regular price
MRP  
₹ 285.00
Sale price
₹ 284.00",insufficient information,FALSE,Has no commitment and is not reporting,0,0,0,0,0,0,0,1
2026-01,India,Star Bazaar (Trent/Tata),"V Protein White Eggs Pack Of 30 Pcs
#Bachate₹aho
Regular price
MRP  
₹ 270.00
Sale price
₹ 259.00",insufficient information,FALSE,Has no commitment and is not reporting,0,0,0,0,0,0,0,1
2026-01,India,Star Bazaar (Trent/Tata),Abhi Gold Brown Eggs Pack Of 30,insufficient information,FALSE,Has no commitment and is not reporting,0,0,0,0,0,0,0,1
2026-01,India,Star Bazaar (Trent/Tata),Abhi Gold Brown Eggs Pack Of 6,insufficient information,FALSE,Has no commitment and is not reporting,0,0,0,0,0,0,0,1
2026-01,India,Star Bazaar (Trent/Tata),Abhi Nutri White Eggs Pack Of 30,insufficient information,FALSE,Has no commitment and is not reporting,0,0,0,0,0,0,0,1
2026-01,India,Star Bazaar (Trent/Tata),Abhi Nutri White Eggs Pack Of 6,insufficient information,FALSE,Has no commitment and is not reporting,0,0,0,0,0,0,0,1
2026-01,India,Star Bazaar (Trent/Tata),Abhi Vitamin D3 White Eggs Pack Of 30,insufficient information,FALSE,Has no commitment and is not reporting,0,0,0,0,0,0,0,1
2026-01,India,Star Bazaar (Trent/Tata),Abhi Vitamin D3 White Eggs Pack Of 6,insufficient information,FALSE,Has no commitment and is not reporting,0,0,0,0,0,0,0,1
2026-01,India,Star Bazaar (Trent/Tata),Avaneesh Farm Fresh Brown Eggs Pack Of 12,insufficient information,FALSE,Has no commitment and is not reporting,0,0,0,0,0,0,0,1
2026-01,India,Star Bazaar (Trent/Tata),Avaneesh Farm Fresh Brown Eggs Pack Of 30,insufficient information,FALSE,Has no commitment and is not reporting,0,0,0,0,0,0,0,1
2026-01,India,Star Bazaar (Trent/Tata),Avaneesh Farm Fresh Brown Eggs Pack Of 6,insufficient information,FALSE,Has no commitment and is not reporting,0,0,0,0,0,0,0,1
2026-01,India,Star Bazaar (Trent/Tata),Avaneesh Farm Fresh White Eggs Pack Of 12,insufficient information,FALSE,Has no commitment and is not reporting,0,0,0,0,0,0,0,1
2026-01,India,Star Bazaar (Trent/Tata),Avaneesh Farm Fresh White Eggs Pack Of 30,insufficient information,FALSE,Has no commitment and is not reporting,0,0,0,0,0,0,0,1
2026-01,India,Star Bazaar (Trent/Tata),Avaneesh Farm Fresh White Eggs Pack Of 6,insufficient information,FALSE,Has no commitment and is not reporting,0,0,0,0,0,0,0,1
2026-01,India,Star Bazaar (Trent/Tata),Ayur Organic Plus Eggs Pack Of 6,organic,FALSE,Has no commitment and is not reporting,1,0,0,0,1,0,0,0
2026-01,India,Star Bazaar (Trent/Tata),Bhairavnath Eggs Tray Pack Of 12,insufficient information,FALSE,Has no commitment and is not reporting,0,0,0,0,0,0,0,1
2026-01,India,Star Bazaar (Trent/Tata),Bhairavnath Eggs Tray Pack Of 30,insufficient information,FALSE,Has no commitment and is not reporting,0,0,0,0,0,0,0,1
2026-01,India,Star Bazaar (Trent/Tata),Daily Fresh Eggs Pack 6 Pcs,insufficient information,FALSE,Has no commitment and is not reporting,0,0,0,0,0,0,0,1
2026-01,India,Star Bazaar (Trent/Tata),Daily Fresh Eggs Pack Of 30 Pcs,insufficient information,FALSE,Has no commitment and is not reporting,0,0,0,0,0,0,0,1
2026-01,India,Star Bazaar (Trent/Tata),Dr Good Carotenoid Eggs Pack Of 12,insufficient information,FALSE,Has no commitment and is not reporting,0,0,0,0,0,0,0,1
2026-01,India,Star Bazaar (Trent/Tata),Dr Good Carotenoid Eggs Pack Of 30,insufficient information,FALSE,Has no commitment and is not reporting,0,0,0,0,0,0,0,1
2026-01,India,Star Bazaar (Trent/Tata),Farm Made Free Range Brown Eggs 6 Pcs,free-range,FALSE,Has no commitment and is not reporting,1,0,0,1,0,0,0,0
2026-01,India,Star Bazaar (Trent/Tata),Farm Made Free Range Eggs 12 Pcs,free-range,FALSE,Has no commitment and is not reporting,1,0,0,1,0,0,0,0
2026-01,India,Star Bazaar (Trent/Tata),Farm Made Free Range Eggs Pack Of 24,free-range,FALSE,Has no commitment and is not reporting,1,0,0,1,0,0,0,0
2026-01,India,Star Bazaar (Trent/Tata),Freshen Eggs Pack Of 30,insufficient information,FALSE,Has no commitment and is not reporting,0,0,0,0,0,0,0,1
2026-01,India,Star Bazaar (Trent/Tata),Freshen Eggs Pack Of 6,insufficient information,FALSE,Has no commitment and is not reporting,0,0,0,0,0,0,0,1
2026-01,India,Star Bazaar (Trent/Tata),Happy Eggs Brown Pack Of 12 Pcs,cage-free not identified,FALSE,Has no commitment and is not reporting,1,0,0,0,0,1,0,0
2026-01,India,Star Bazaar (Trent/Tata),Happy Eggs Brown Pack Of 30 Pcs,insufficient information,FALSE,Has no commitment and is not reporting,0,0,0,0,0,0,0,1
2026-01,India,Star Bazaar (Trent/Tata),Happy Eggs Brown Pack Of 6 Pcs,cage-free not identified,FALSE,Has no commitment and is not reporting,1,0,0,0,0,1,0,0
2026-01,India,Star Bazaar (Trent/Tata),Happy Eggs White Pack Of 6,cage-free not identified,FALSE,Has no commitment and is not reporting,1,0,0,0,0,1,0,0
2026-01,India,Star Bazaar (Trent/Tata),Namdeo Regular Farm Eggs 30 Pcs,cage,FALSE,Has no commitment and is not reporting,0,0,0,0,0,0,1,0
2026-01,India,Star Bazaar (Trent/Tata),Ntm Natural Healthy Brown Eggs Pack Of 12 Pc,insufficient information,FALSE,Has no commitment and is not reporting,0,0,0,0,0,0,0,1
2026-01,India,Star Bazaar (Trent/Tata),Ntm Natural Healthy Brown Eggs Pack Of 6 Pc,insufficient information,FALSE,Has no commitment and is not reporting,0,0,0,0,0,0,0,1
2026-01,India,Star Bazaar (Trent/Tata),Nutreen Brown Eggs Pack Of 12,insufficient information,FALSE,Has no commitment and is not reporting,0,0,0,0,0,0,0,1
2026-01,India,Star Bazaar (Trent/Tata),Nutreen Brown Eggs Pack Of 6,insufficient information,FALSE,Has no commitment and is not reporting,0,0,0,0,0,0,0,1
2026-01,India,Star Bazaar (Trent/Tata),Nutreen Brown Eggs Tray Pack Pack Of 30,insufficient information,FALSE,Has no commitment and is not reporting,0,0,0,0,0,0,0,1
2026-01,India,Star Bazaar (Trent/Tata),Nutreen Farm Fresh Eggs Pack Of 6,insufficient information,FALSE,Has no commitment and is not reporting,0,0,0,0,0,0,0,1
2026-01,India,Star Bazaar (Trent/Tata),Nutreen White Eggs 12 Pcs,insufficient information,FALSE,Has no commitment and is not reporting,0,0,0,0,0,0,0,1
2026-01,India,Star Bazaar (Trent/Tata),Nutri Hatch Brown Eggs Pack Of 12,insufficient information,FALSE,Has no commitment and is not reporting,0,0,0,0,0,0,0,1
2026-01,India,Star Bazaar (Trent/Tata),Nutri Hatch Brown Eggs Pack Of 30,insufficient information,FALSE,Has no commitment and is not reporting,0,0,0,0,0,0,0,1
2026-01,India,Star Bazaar (Trent/Tata),Nutri Hatch Brown Eggs Pack Of 6,insufficient information,FALSE,Has no commitment and is not reporting,0,0,0,0,0,0,0,1
2026-01,India,Star Bazaar (Trent/Tata),Nutri Hatch White Eggs Pack Of 12,insufficient information,FALSE,Has no commitment and is not reporting,0,0,0,0,0,0,0,1
2026-01,India,Star Bazaar (Trent/Tata),Nutri Hatch White Eggs Pack Of 30,insufficient information,FALSE,Has no commitment and is not reporting,0,0,0,0,0,0,0,1
2026-01,India,Star Bazaar (Trent/Tata),Nutri Hatch White Eggs Pack Of 6,insufficient information,FALSE,Has no commitment and is not reporting,0,0,0,0,0,0,0,1
2026-01,India,Star Bazaar (Trent/Tata),Pasture Raised Desi Eggs Pack Of 12,free-range,FALSE,Has no commitment and is not reporting,1,0,0,1,0,0,0,0
2026-01,India,Star Bazaar (Trent/Tata),Skm Best Best Plus Eggs Pack Of 12,insufficient information,FALSE,Has no commitment and is not reporting,0,0,0,0,0,0,0,1
2026-01,India,Star Bazaar (Trent/Tata),Skm Best Best Plus Eggs Pack Of 6,insufficient information,FALSE,Has no commitment and is not reporting,0,0,0,0,0,0,0,1
2026-01,India,Star Bazaar (Trent/Tata),Skm Best Brown Eggs Pack Of 6,insufficient information,FALSE,Has no commitment and is not reporting,0,0,0,0,0,0,0,1
2026-01,India,Star Bazaar (Trent/Tata),Suguna Eggs Pack Of 30,insufficient information,FALSE,Has no commitment and is not reporting,0,0,0,0,0,0,0,1
2026-01,India,Star Bazaar (Trent/Tata),Suguna Pro Eggs Pack Of 6,insufficient information,FALSE,Has no commitment and is not reporting,0,0,0,0,0,0,0,1
2026-01,India,Star Bazaar (Trent/Tata),The Good Eggs Cage Free Brown Eggs Pack Of 6,cage-free not identified,FALSE,Has no commitment and is not reporting,1,0,0,0,0,1,0,0
2026-01,India,Star Bazaar (Trent/Tata),Upf Duck Eggs Pack Of 6,insufficient information,FALSE,Has no commitment and is not reporting,0,0,0,0,0,0,0,1
2026-01,India,Star Bazaar (Trent/Tata),Upf Energy Eggs Brown Pack Of 6,insufficient information,FALSE,Has no commitment and is not reporting,0,0,0,0,0,0,0,1
2026-01,India,Star Bazaar (Trent/Tata),Upf Energy Eggs White Pack Of 6,insufficient information,FALSE,Has no commitment and is not reporting,0,0,0,0,0,0,0,1
2026-01,India,Star Bazaar (Trent/Tata),Upf Health Double Yolk Pack Of 6,insufficient information,FALSE,Has no commitment and is not reporting,0,0,0,0,0,0,0,1
2026-01,India,Star Bazaar (Trent/Tata),Upf Healthy Eggs Brown 12Pc,insufficient information,FALSE,Has no commitment and is not reporting,0,0,0,0,0,0,0,1
2026-01,India,Star Bazaar (Trent/Tata),Upf Healthy Eggs Brown Pack Of 6,insufficient information,FALSE,Has no commitment and is not reporting,0,0,0,0,0,0,0,1
2026-01,India,Star Bazaar (Trent/Tata),Upf Healthy White Eggs Pack Of 12,insufficient information,FALSE,Has no commitment and is not reporting,0,0,0,0,0,0,0,1
2026-01,India,Star Bazaar (Trent/Tata),Upf Healthy White Eggs Pack Of 6,insufficient information,FALSE,Has no commitment and is not reporting,0,0,0,0,0,0,0,1
2026-01,India,Star Bazaar (Trent/Tata),V Protein Brown Eggs Pack Of 12 Pcs,insufficient information,FALSE,Has no commitment and is not reporting,0,0,0,0,0,0,0,1
2026-01,India,Star Bazaar (Trent/Tata),V Protein Brown Eggs Pack Of 30 Pcs,insufficient information,FALSE,Has no commitment and is not reporting,0,0,0,0,0,0,0,1
2026-01,India,Star Bazaar (Trent/Tata),V Protein Brown Eggs Pack Of 6 Pcs,insufficient information,FALSE,Has no commitment and is not reporting,0,0,0,0,0,0,0,1
2026-01,India,Star Bazaar (Trent/Tata),V Protein Country Eggs Pack Of 12 Pcs,insufficient information,FALSE,Has no commitment and is not reporting,0,0,0,0,0,0,0,1
2026-01,India,Star Bazaar (Trent/Tata),V Protein Country Eggs Pack Of 6 Pcs,cage-free not identified,FALSE,Has no commitment and is not reporting,1,0,0,0,0,1,0,0
2026-01,India,Star Bazaar (Trent/Tata),V Protein White Eggs Pack Of 12 Pcs,insufficient information,FALSE,Has no commitment and is not reporting,0,0,0,0,0,0,0,1
2026-01,India,Star Bazaar (Trent/Tata),V Protein White Eggs Pack Of 30 Pcs,insufficient information,FALSE,Has no commitment and is not reporting,0,0,0,0,0,0,0,1
2026-01,India,Star Bazaar (Trent/Tata),V Protein White Eggs Pack Of 6 Pcs,insufficient information,FALSE,Has no commitment and is not reporting,0,0,0,0,0,0,0,1
2026-01,Indonesia,Hypermart,SO GOOD TELUR OMEGA3 10S,insufficient information,FALSE,Has no commitment and is not reporting,0,0,0,0,0,0,0,1
2026-01,Japan,AEON Group,宮崎デリカ温泉たまご3個入り 3個入り,insufficient information,FALSE,Has no commitment and is not reporting,0,0,0,0,0,0,0,1
2026-01,Japan,AEON Group,たまご白玉M 10玉入,insufficient information,FALSE,Has no commitment and is not reporting,0,0,0,0,0,0,0,1
2026-01,Japan,AEON Group,たまご白玉L 10玉入,insufficient information,FALSE,Has no commitment and is not reporting,0,0,0,0,0,0,0,1
2026-01,Japan,AEON Group,たまご白玉MS 10玉入,insufficient information,FALSE,Has no commitment and is not reporting,0,0,0,0,0,0,0,1
2026-01,Japan,AEON Group,健康な親鶏が産んだはっこう卵（赤玉6玉）,insufficient information,FALSE,Has no commitment and is not reporting,0,0,0,0,0,0,0,1
2026-01,Japan,AEON Group,たまご白玉M 6玉入,insufficient information,FALSE,Has no commitment and is not reporting,0,0,0,0,0,0,0,1
2026-01,Japan,AEON Group,赤たまご 1パック 10玉入り,insufficient information,FALSE,Has no commitment and is not reporting,0,0,0,0,0,0,0,1
2026-01,Japan,AEON Group,FC琉球元気応援たまご 1パック（10玉入り）,insufficient information,FALSE,Has no commitment and is not reporting,0,0,0,0,0,0,0,1
2026-01,Japan,AEON Group,康卵 6玉入り,insufficient information,FALSE,Has no commitment and is not reporting,0,0,0,0,0,0,0,1
2026-01,Japan,AEON Group,若奥様白10玉入り,insufficient information,FALSE,Has no commitment and is not reporting,0,0,0,0,0,0,0,1
2026-01,Japan,AEON Group,前田鶏卵温泉たまご 4玉入り,insufficient information,FALSE,Has no commitment and is not reporting,0,0,0,0,0,0,0,1
2026-01,Japan,Tokyu Store Corporation,Vマーク 温泉たまご(白) 4個入,insufficient information,FALSE,Has no commitment and is not reporting,0,0,0,0,0,0,0,1
2026-01,Japan,Tokyu Store Corporation,Vマークナチュディズ 平飼いたまご　6個入,free-range,FALSE,Has no commitment and is not reporting,1,0,0,1,0,0,0,0
2026-01,Japan,Tokyu Store Corporation,地養卵 6個入,insufficient information,FALSE,Has no commitment and is not reporting,0,0,0,0,0,0,0,1
2026-01,Japan,Tokyu Store Corporation,赤城のたまご 山麓そだち 6個入,cage-free not identified,FALSE,Has no commitment and is not reporting,1,0,0,0,0,1,0,0
2026-01,Japan,Tokyu Store Corporation,温泉たまご トッピング用 4個入,insufficient information,FALSE,Has no commitment and is not reporting,0,0,0,0,0,0,0,1
2026-01,Japan,Tokyu Store Corporation,Vマークグルメテーブル おいしい赤たまご 10個入,insufficient information,FALSE,Has no commitment and is not reporting,0,0,0,0,0,0,0,1
2026-01,Japan,Tokyu Store Corporation,Vマークグルメテーブル おいしい赤たまご 4個入,insufficient information,FALSE,Has no commitment and is not reporting,0,0,0,0,0,0,0,1
2026-01,Japan,Tokyu Store Corporation,Vマークグルメテーブル おいしい赤たまご 6個入,insufficient information,FALSE,Has no commitment and is not reporting,0,0,0,0,0,0,0,1
2026-01,Japan,Tokyu Store Corporation,キユーピー ゆで卵をつぶしてつくる たまごサラダ 1袋,insufficient information,FALSE,Has no commitment and is not reporting,0,0,0,0,0,0,0,1
2026-01,Japan,Tokyu Store Corporation,JA全農たまご 農協たまご 10個入,insufficient information,FALSE,Has no commitment and is not reporting,0,0,0,0,0,0,0,1
2026-01,Japan,Tokyu Store Corporation,愛川町のたまご 10個入,insufficient information,FALSE,Has no commitment and is not reporting,0,0,0,0,0,0,0,1
2026-01,Japan,Tokyu Store Corporation,愛川町のたまご 6個入,insufficient information,FALSE,Has no commitment and is not reporting,0,0,0,0,0,0,0,1
2026-01,Japan,Tokyu Store Corporation,ヨード卵光 6個入,insufficient information,FALSE,Has no commitment and is not reporting,0,0,0,0,0,0,0,1
2026-01,Japan,Tokyu Store Corporation,イセ食品 森のたまご 10個入,free-range,FALSE,Has no commitment and is not reporting,1,0,0,1,0,0,0,0
2026-01,Japan,Tokyu Store Corporation,アキタフーズ きよら グルメ仕立て 10個入,insufficient information,FALSE,Has no commitment and is not reporting,0,0,0,0,0,0,0,1
2026-01,Japan,Tokyu Store Corporation,JA全農たまご とくたま 6個入,cage,FALSE,Has no commitment and is not reporting,0,0,0,0,0,0,1,0
2026-01,Japan,Tokyu Store Corporation,JA全農たまご 愛知の紅たまご 10個入,insufficient information,FALSE,Has no commitment and is not reporting,0,0,0,0,0,0,0,1
2026-01,Malaysia,Aeon,LKH Quail Eggs,insufficient information,FALSE,Has commitment but is not reporting,0,0,0,0,0,0,0,1
2026-01,Malaysia,Aeon,LTK Omega Eggs,insufficient information,FALSE,Has commitment but is not reporting,0,0,0,0,0,0,0,1
2026-01,Malaysia,Aeon,Nutriplus Telur Kampung With Omega-3,insufficient information,FALSE,Has commitment but is not reporting,0,0,0,0,0,0,0,1
2026-01,Malaysia,Aeon,QL Sinar Fresh Eggs,insufficient information,FALSE,Has commitment but is not reporting,0,0,0,0,0,0,0,1
2026-01,Malaysia,Aeon,M.S Pearly Kampung Egg,free-range,FALSE,Has commitment but is not reporting,1,0,0,1,0,0,0,0
2026-01,Malaysia,Aeon,Nutriplus Telur Kampung Egg,free-range,FALSE,Has commitment but is not reporting,1,0,0,1,0,0,0,0
2026-01,Malaysia,Aeon,QL Omega Eggs,cage,FALSE,Has commitment but is not reporting,0,0,0,0,0,0,1,0
2026-01,Malaysia,Aeon,LTP Telur Kampung,free-range,FALSE,Has commitment but is not reporting,1,0,0,1,0,0,0,0
2026-01,Malaysia,Aeon,Nutriplus Jumbo Eggs With Omega-3,insufficient information,FALSE,Has commitment but is not reporting,0,0,0,0,0,0,0,1
2026-01,Malaysia,Aeon,NutriPlus NutriFresh Eggs Grade B,insufficient information,FALSE,Has commitment but is not reporting,0,0,0,0,0,0,0,1
2026-01,Malaysia,Aeon,Nutriplus Classic Eggs M,insufficient information,FALSE,Has commitment but is not reporting,0,0,0,0,0,0,0,1
2026-01,Malaysia,Aeon,Nutriplus Eggs Omega-3 (L),insufficient information,FALSE,Has commitment but is not reporting,0,0,0,0,0,0,0,1
2026-01,Malaysia,Aeon,QL Premium Quality Eggs,insufficient information,FALSE,Has commitment but is not reporting,0,0,0,0,0,0,0,1
2026-01,Malaysia,Aeon,M.S Pearly Kampung Egg,free-range,FALSE,Has commitment but is not reporting,1,0,0,1,0,0,0,0
2026-01,Malaysia,Aeon,LTP Lacto Plus,insufficient information,FALSE,Has commitment but is not reporting,0,0,0,0,0,0,0,1
2026-01,Malaysia,Aeon,TOPVALU Omega Eggs,insufficient information,FALSE,Has commitment but is not reporting,0,0,0,0,0,0,0,1
2026-01,Malaysia,Aeon,Nutriplus Eggs Omega-3 XL,insufficient information,FALSE,Has commitment but is not reporting,0,0,0,0,0,0,0,1
2026-01,Malaysia,Aeon,QL Omega 3 DHA Enriched,insufficient information,FALSE,Has commitment but is not reporting,0,0,0,0,0,0,0,1
2026-01,Malaysia,Aeon,TOPVALU Omega Eggs,insufficient information,FALSE,Has commitment but is not reporting,0,0,0,0,0,0,0,1
2026-01,Malaysia,Aeon,LKFresh Telur Ayam Klasik Megaria (Grade A),insufficient information,FALSE,Has commitment but is not reporting,0,0,0,0,0,0,0,1
2026-01,Malaysia,Aeon,LTP Corn Plus,insufficient information,FALSE,Has commitment but is not reporting,0,0,0,0,0,0,0,1
2026-01,Malaysia,Aeon,LKFresh Fresh Egg Grade (B),insufficient information,FALSE,Has commitment but is not reporting,0,0,0,0,0,0,0,1
2026-01,Malaysia,Aeon,LTK Organic Selenium Plus,organic,FALSE,Has commitment but is not reporting,1,0,0,0,1,0,0,0
2026-01,Malaysia,Aeon,QL Sakura Lower Cholesterol Eggs,insufficient information,FALSE,Has commitment but is not reporting,0,0,0,0,0,0,0,1
2026-01,Malaysia,Aeon,QL Sakura Lacto Egg,insufficient information,FALSE,Has commitment but is not reporting,0,0,0,0,0,0,0,1
2026-01,Malaysia,Aeon,LKH Telur Kampung Segar,free-range,FALSE,Has commitment but is not reporting,1,0,0,1,0,0,0,0
2026-01,Malaysia,Aeon,QL Classic Eggs Medium,insufficient information,FALSE,Has commitment but is not reporting,0,0,0,0,0,0,0,1
2026-01,Malaysia,Aeon,Nutriplus Omega 3 (M),insufficient information,FALSE,Has commitment but is not reporting,0,0,0,0,0,0,0,1
2026-01,Malaysia,Aeon,Nutriplus Eggs With Organic Selenium M,organic,FALSE,Has commitment but is not reporting,1,0,0,0,1,0,0,0
2026-01,Malaysia,Aeon,Zenxin Organic Antibiotic-Free Selenium Egg,organic,FALSE,Has commitment but is not reporting,1,0,0,0,1,0,0,0
2026-01,Malaysia,Aeon,QL Sandy Egg,insufficient information,FALSE,Has commitment but is not reporting,0,0,0,0,0,0,0,1
2026-01,Malaysia,Aeon,LKH Fresh Eggs Jumbo (AA),insufficient information,FALSE,Has commitment but is not reporting,0,0,0,0,0,0,0,1
2026-01,Malaysia,Aeon,A1 Telur Kampung,free-range,FALSE,Has commitment but is not reporting,1,0,0,1,0,0,0,0
2026-01,Malaysia,Aeon,QL Omega 3 & DHA (M),insufficient information,FALSE,Has commitment but is not reporting,0,0,0,0,0,0,0,1
2026-01,Malaysia,Aeon,NutriPlus S-Clean Egg Omega-3,insufficient information,FALSE,Has commitment but is not reporting,0,0,0,0,0,0,0,1
2026-01,Malaysia,Aeon,Onzen Eggs,insufficient information,FALSE,Has commitment but is not reporting,0,0,0,0,0,0,0,1
2026-01,Malaysia,Aeon,LTP Salted Egg,insufficient information,FALSE,Has commitment but is not reporting,0,0,0,0,0,0,0,1
2026-01,Malaysia,Aeon,Nutriplus Lower Cholesterol M,insufficient information,FALSE,Has commitment but is not reporting,0,0,0,0,0,0,0,1
2026-01,Malaysia,Aeon,Nutriplus Organic Selenium,organic,FALSE,Has commitment but is not reporting,1,0,0,0,1,0,0,0
2026-01,Malaysia,Aeon,Nutriplus S-Clean Kampung Egg,insufficient information,FALSE,Has commitment but is not reporting,0,0,0,0,0,0,0,1
2026-01,Malaysia,Aeon,M.S Macao Egg,insufficient information,FALSE,Has commitment but is not reporting,0,0,0,0,0,0,0,1
2026-01,Malaysia,Aeon,NutriPlus S-Clean Egg Fresh,insufficient information,FALSE,Has commitment but is not reporting,0,0,0,0,0,0,0,1
2026-01,Malaysia,Aeon,A1 King Duck Salted Eggs,insufficient information,FALSE,Has commitment but is not reporting,0,0,0,0,0,0,0,1
2026-01,Malaysia,Aeon,Nutriplus Low Cholesterol Eggs (M),insufficient information,FALSE,Has commitment but is not reporting,0,0,0,0,0,0,0,1
2026-01,Malaysia,Aeon,LTP Black & White Egg,insufficient information,FALSE,Has commitment but is not reporting,0,0,0,0,0,0,0,1
2026-01,Malaysia,Aeon,LKFresh Free Range Egg,free-range,FALSE,Has commitment but is not reporting,1,0,0,1,0,0,0,0
2026-01,Malaysia,Aeon,LTP Century Egg,insufficient information,FALSE,Has commitment but is not reporting,0,0,0,0,0,0,0,1
2026-01,Malaysia,Aeon,NutriPlus Classis Size Plus (L),insufficient information,FALSE,Has commitment but is not reporting,0,0,0,0,0,0,0,1
2026-01,Malaysia,Aeon,QL Salted Eggs,insufficient information,FALSE,Has commitment but is not reporting,0,0,0,0,0,0,0,1
2026-01,Malaysia,Aeon,LKH Chicken Century Egg,insufficient information,FALSE,Has commitment but is not reporting,0,0,0,0,0,0,0,1
2026-01,Malaysia,Aeon,Nutriplus Lower Cholestrol XL,insufficient information,FALSE,Has commitment but is not reporting,0,0,0,0,0,0,0,1
2026-01,Malaysia,Aeon,NutriPlus S-Clean Egg (Selenium),insufficient information,FALSE,Has commitment but is not reporting,0,0,0,0,0,0,0,1
2026-01,Malaysia,Aeon,LKH Duck Century Eggs,insufficient information,FALSE,Has commitment but is not reporting,0,0,0,0,0,0,0,1
2026-01,Malaysia,Aeon,A1 King Lower Cholesterol (Large),insufficient information,FALSE,Has commitment but is not reporting,0,0,0,0,0,0,0,1
2026-01,Malaysia,Aeon,LKH Telur Itik,insufficient information,FALSE,Has commitment but is not reporting,0,0,0,0,0,0,0,1
2026-01,Malaysia,Aeon,SHH Quail Eggs,insufficient information,FALSE,Has commitment but is not reporting,0,0,0,0,0,0,0,1
2026-01,Malaysia,Aeon,LKH Salted Egg,insufficient information,FALSE,Has commitment but is not reporting,0,0,0,0,0,0,0,1
2026-01,Malaysia,Jaya Grocer (Trendcell),NutriPlus Omega-3 Chicken Eggs 15pcs/pack,insufficient information,FALSE,Has commitment but is not reporting,0,0,0,0,0,0,0,1
2026-01,Malaysia,Jaya Grocer (Trendcell),Nutriplus Kampung Eggs with Omega-3 10pcs/pack,cage-free not identified,FALSE,Has commitment but is not reporting,1,0,0,0,0,1,0,0
2026-01,Malaysia,Jaya Grocer (Trendcell),NutriPlus Jumbo Eggs with Omega 3 10pcs/pack,insufficient information,FALSE,Has commitment but is not reporting,0,0,0,0,0,0,0,1
2026-01,Malaysia,Jaya Grocer (Trendcell),QL Omega Eggs with Omega 3 and DHA (Large) 15pcs/pack,insufficient information,FALSE,Has commitment but is not reporting,0,0,0,0,0,0,0,1
2026-01,Malaysia,Jaya Grocer (Trendcell),Telur Ayam Kampung 10pcs/pack,free-range,FALSE,Has commitment but is not reporting,1,0,0,1,0,0,0,0
2026-01,Malaysia,Jaya Grocer (Trendcell),DFresh Classic Chicken Eggs 10pcs/pack,insufficient information,FALSE,Has commitment but is not reporting,0,0,0,0,0,0,0,1
2026-01,Malaysia,Jaya Grocer (Trendcell),LTK Omega Plus Chicken Egg 10pcs/pack,insufficient information,FALSE,Has commitment but is not reporting,0,0,0,0,0,0,0,1
2026-01,Malaysia,Jaya Grocer (Trendcell),QL Sakura Fresh Eggs 10pcs/pack,insufficient information,FALSE,Has commitment but is not reporting,0,0,0,0,0,0,0,1
2026-01,Malaysia,Jaya Grocer (Trendcell),QL Omega Eggs with Omega 3 and DHA (Medium) 10pcs/pack,insufficient information,FALSE,Has commitment but is not reporting,0,0,0,0,0,0,0,1
2026-01,Malaysia,Jaya Grocer (Trendcell),Bragg Organic Apple Cider Vinegar 946ml,insufficient information,FALSE,Has commitment but is not reporting,0,0,0,0,0,0,0,1
2026-01,Malaysia,Jaya Grocer (Trendcell),LK Fresh Lovegg Chicken Eggs Grade A 12pcs/pack,insufficient information,FALSE,Has commitment but is not reporting,0,0,0,0,0,0,0,1
2026-01,Malaysia,Jaya Grocer (Trendcell),LTK Organic Selenium Plus Egg 10pcs/pack,organic,FALSE,Has commitment but is not reporting,1,0,0,0,1,0,0,0
2026-01,Malaysia,Jaya Grocer (Trendcell),QL Sandy Egg 15pcs/pack,insufficient information,FALSE,Has commitment but is not reporting,0,0,0,0,0,0,0,1
2026-01,Malaysia,Jaya Grocer (Trendcell),Nutriplus Classic Egg 10pcs/pack,insufficient information,FALSE,Has commitment but is not reporting,0,0,0,0,0,0,0,1
2026-01,Malaysia,Jaya Grocer (Trendcell),Lau Kon Hing Eggs Dealer Duck Century Egg 4pcs/pack,insufficient information,FALSE,Has commitment but is not reporting,0,0,0,0,0,0,0,1
2026-01,Malaysia,Jaya Grocer (Trendcell),Arnotts Choc Tim Tam Double Coat Biscuits 200g,insufficient information,FALSE,Has commitment but is not reporting,0,0,0,0,0,0,0,1
2026-01,Malaysia,Jaya Grocer (Trendcell),JS Cage Free Egg (Medium) 10pcs/pack,cage-free not identified,FALSE,Has commitment but is not reporting,1,0,0,0,0,1,0,0
2026-01,Malaysia,Jaya Grocer (Trendcell),Lotte Pepero White Cookies 32g,insufficient information,FALSE,Has commitment but is not reporting,0,0,0,0,0,0,0,1
2026-01,Malaysia,Jaya Grocer (Trendcell),Magic Seafood Pearly Kampung Egg (Medium) 10pcs/pack,insufficient information,FALSE,Has commitment but is not reporting,0,0,0,0,0,0,0,1
2026-01,Malaysia,Jaya Grocer (Trendcell),Duck Eggs (Telur Itik) 10pcs/pack,insufficient information,FALSE,Has commitment but is not reporting,0,0,0,0,0,0,0,1
2026-01,Malaysia,Jaya Grocer (Trendcell),Magic Seafood Supreme Kampung Eggs (Large) 10pcs/pack,free-range,FALSE,Has commitment but is not reporting,1,0,0,1,0,0,0,0
2026-01,Malaysia,Jaya Grocer (Trendcell),Magic Seafood Seaweed Eggs (Medium) 10pcs/pack,insufficient information,FALSE,Has commitment but is not reporting,0,0,0,0,0,0,0,1
2026-01,Malaysia,Lotus,"LOTUSS FRESH CHICKEN EGGS 30S
RM13.49",insufficient information,FALSE,Has commitment and is reporting,0,0,0,0,0,0,0,1
2026-01,Malaysia,Lotus,"CHICKEN EGGS C 30S
RM11.40",insufficient information,FALSE,Has commitment and is reporting,0,0,0,0,0,0,0,1
2026-01,Malaysia,Lotus,"LOTUSS FRESH CHICKEN EGGS 30S
RM12.45",insufficient information,FALSE,Has commitment and is reporting,0,0,0,0,0,0,0,1
2026-01,Malaysia,Lotus,"LOTUSS FRESH CHICKEN EGGS 10S (B)
RM4.80",insufficient information,FALSE,Has commitment and is reporting,0,0,0,0,0,0,0,1
2026-01,Malaysia,Lotus,"LOTUSS FRESH CHICKEN EGGS 10S (A)
RM4.90",insufficient information,FALSE,Has commitment and is reporting,0,0,0,0,0,0,0,1
2026-01,Malaysia,Lotus,"LOTUSS FRESH CHICKEN EGGS 30S
RM13.19",insufficient information,FALSE,Has commitment and is reporting,0,0,0,0,0,0,0,1
2026-01,Malaysia,Lotus,"QPLUS FARM FRESH EGGS 15S
RM9.00",insufficient information,FALSE,Has commitment and is reporting,0,0,0,0,0,0,0,1
2026-01,Malaysia,Lotus,"LOTUSS FRESH CHICKEN EGGS 30S (C)
RM12.45",cage,FALSE,Has commitment and is reporting,0,0,0,0,0,0,1,0
2026-01,Malaysia,Lotus,"LOTUSS FRESH CHICKEN EGGS 10S (C)
RM4.60",cage,FALSE,Has commitment and is reporting,0,0,0,0,0,0,1,0
2026-01,Malaysia,Lotus,"LOTUSS FRESH CHICKEN EGGS 10S (C)
RM4.60",cage,FALSE,Has commitment and is reporting,0,0,0,0,0,0,1,0
2026-01,Malaysia,Lotus,"LOTUSS FRESH CHICKEN EGGS 10S (B)
RM4.80",insufficient information,FALSE,Has commitment and is reporting,0,0,0,0,0,0,0,1
2026-01,Malaysia,Lotus,"LOTUSS FRESH CHICKEN EGGS 10S (A)
RM4.90",insufficient information,FALSE,Has commitment and is reporting,0,0,0,0,0,0,0,1
2026-01,Malaysia,Lotus,"LOTUSS FRESH CHICKEN EGGS 30S
RM13.49",insufficient information,FALSE,Has commitment and is reporting,0,0,0,0,0,0,0,1
2026-01,Malaysia,Lotus,"CHICKEN EGGS A 30S
RM12.60",insufficient information,FALSE,Has commitment and is reporting,0,0,0,0,0,0,0,1
2026-01,Malaysia,Lotus,"LOTUSS FRESH CHICKEN EGGS 30S (B)
RM13.19",insufficient information,FALSE,Has commitment and is reporting,0,0,0,0,0,0,0,1
2026-01,Malaysia,Lotus,"CHICKEN EGGS B 30S
RM12.00",insufficient information,FALSE,Has commitment and is reporting,0,0,0,0,0,0,0,1
2026-01,Malaysia,Lotus,"CP HYGIENIC EGG 30 E
RM10.00",insufficient information,FALSE,Has commitment and is reporting,0,0,0,0,0,0,0,1
2026-01,Malaysia,Lotus,"CP HYGIENIC EGGS 30% LESS CHOLESTEROL EGGS 30D
RM12.29",insufficient information,FALSE,Has commitment and is reporting,0,0,0,0,0,0,0,1
2026-01,Malaysia,Lotus,"CP HYGIENIC EGG 10S (B)
RM7.55",insufficient information,FALSE,Has commitment and is reporting,0,0,0,0,0,0,0,1
2026-01,Malaysia,Lotus,"HAPPY EGG GRADE D 30S
RM12.29",insufficient information,FALSE,Has commitment and is reporting,0,0,0,0,0,0,0,1
2026-01,Malaysia,Lotus,"CP HYGIENIC EGG 30 C
RM12.45",insufficient information,FALSE,Has commitment and is reporting,0,0,0,0,0,0,0,1
2026-01,Malaysia,Lotus,"EB FRESH CHICKEN EGG 30 EGGS D (HLRB)
RM12.29",insufficient information,FALSE,Has commitment and is reporting,0,0,0,0,0,0,0,1
2026-01,Malaysia,Lotus,"CP HYGIENIC EGG 10S (C)
RM7.35",cage,FALSE,Has commitment and is reporting,0,0,0,0,0,0,1,0
2026-01,Malaysia,Lotus,"HAPPY EGG VILLAGEGG 30S
RM14.99",cage-free not identified,FALSE,Has commitment and is reporting,1,0,0,0,0,1,0,0
2026-01,Malaysia,Lotus,"CP HYGIENIC EGG 10S (A)
RM8.10",insufficient information,FALSE,Has commitment and is reporting,0,0,0,0,0,0,0,1
2026-01,Malaysia,Lotus,"CP HYGIENIC EGG 30 A
RM13.49",insufficient information,FALSE,Has commitment and is reporting,0,0,0,0,0,0,0,1
2026-01,Malaysia,Lotus,"QPLUS FARM FRESH EGGS 6S
RM3.70",insufficient information,FALSE,Has commitment and is reporting,0,0,0,0,0,0,0,1
2026-01,Malaysia,Lotus,"CP HYGIENIC EGG 30 B
RM13.19",insufficient information,FALSE,Has commitment and is reporting,0,0,0,0,0,0,0,1
2026-01,Malaysia,Lotus,"EB FRESH CHICKEN EGG 30 EGGS A (HLRB)
RM13.49",insufficient information,FALSE,Has commitment and is reporting,0,0,0,0,0,0,0,1
2026-01,Malaysia,Lotus,"EB FRESH CHICKEN EGG 30 EGGS B (HLRB)
RM13.19",barn,FALSE,Has commitment and is reporting,1,1,0,0,0,0,0,0
2026-01,Malaysia,Lotus,"EB FRESH CHICKEN EGG 30 EGGS C (HLRB)
RM12.45",insufficient information,FALSE,Has commitment and is reporting,0,0,0,0,0,0,0,1
2026-01,Malaysia,Village Grocer (The Food Purveyor),NUTRIPLUS OMEGA 3 MED 15'S,insufficient information,FALSE,Has commitment but is not reporting,0,0,0,0,0,0,0,1
2026-01,Malaysia,Village Grocer (The Food Purveyor),SAFEGG PASTEURIZED SHELL EGGS 10'S,insufficient information,FALSE,Has commitment but is not reporting,0,0,0,0,0,0,0,1
2026-01,Malaysia,Village Grocer (The Food Purveyor),NUTRIPLUS TELUR KAMPUNG WITH OMEGA 3 10'S,insufficient information,FALSE,Has commitment but is not reporting,0,0,0,0,0,0,0,1
2026-01,Malaysia,Village Grocer (The Food Purveyor),QL OMEGA 3 & DHA ENRICHED 10'S,insufficient information,FALSE,Has commitment but is not reporting,0,0,0,0,0,0,0,1
2026-01,Malaysia,Village Grocer (The Food Purveyor),LK FRESH EGGS ALL NATURAL FARM FRESH 12S,insufficient information,FALSE,Has commitment but is not reporting,0,0,0,0,0,0,0,1
2026-01,Malaysia,Village Grocer (The Food Purveyor),NUTRI PLUS OMEGA3 L 10S,insufficient information,FALSE,Has commitment but is not reporting,0,0,0,0,0,0,0,1
2026-01,Malaysia,Village Grocer (The Food Purveyor),NUTRIPLUS ORG SELENIUM MED 15'S,organic,FALSE,Has commitment but is not reporting,1,0,0,0,1,0,0,0
2026-01,Malaysia,Village Grocer (The Food Purveyor),SANDY FREE RANGE CHICKEN EGGS 10S,free-range,FALSE,Has commitment but is not reporting,1,0,0,1,0,0,0,0
2026-01,Malaysia,Village Grocer (The Food Purveyor),KODAWARI EGGS W ASTAXANTHIN 10S,insufficient information,FALSE,Has commitment but is not reporting,0,0,0,0,0,0,0,1
2026-01,Malaysia,Village Grocer (The Food Purveyor),NUTRI PLUS ORG SELENIUM L 10S,organic,FALSE,Has commitment but is not reporting,1,0,0,0,1,0,0,0
2026-01,Malaysia,Village Grocer (The Food Purveyor),NUTRI PLUS LOW CHOLESTEROL M 10'S,insufficient information,FALSE,Has commitment but is not reporting,0,0,0,0,0,0,0,1
2026-01,Malaysia,Village Grocer (The Food Purveyor),NUTRIPLUS CLASSIC EGGS M 15S,cage,FALSE,Has commitment but is not reporting,0,0,0,0,0,0,1,0
2026-01,Malaysia,Village Grocer (The Food Purveyor),NUTRIPLUS LOW CHOLESTEROL MED 15'S,insufficient information,FALSE,Has commitment but is not reporting,0,0,0,0,0,0,0,1
2026-01,Malaysia,Village Grocer (The Food Purveyor),QL D'FRESH QUALITY 15'S LARGE,insufficient information,FALSE,Has commitment but is not reporting,0,0,0,0,0,0,0,1
2026-01,Malaysia,Village Grocer (The Food Purveyor),QL OMEGA 3 & DHA ENRICHED 15'S,insufficient information,FALSE,Has commitment but is not reporting,0,0,0,0,0,0,0,1
2026-01,Malaysia,Village Grocer (The Food Purveyor),QL D'FRESH L 10'S,insufficient information,FALSE,Has commitment but is not reporting,0,0,0,0,0,0,0,1
2026-01,Malaysia,Village Grocer (The Food Purveyor),NUTRI PLUS OMEGA 3 JUMBO EGGS 10'S,insufficient information,FALSE,Has commitment but is not reporting,0,0,0,0,0,0,0,1
2026-01,Mexico,Chedraui,Huevo San Juan Blanco 30 Piezas,insufficient information,FALSE,Has no commitment and is not reporting,0,0,0,0,0,0,0,1
2026-01,Mexico,Chedraui,Huevos Blancos Chedraui 30 Piezas,insufficient information,FALSE,Has no commitment and is not reporting,0,0,0,0,0,0,0,1
2026-01,Mexico,Chedraui,Huevo Blanco Bachoco 18 Piezas,insufficient information,FALSE,Has no commitment and is not reporting,0,0,0,0,0,0,0,1
2026-01,Mexico,Chedraui,Huevo San Juan Blanco 18 Piezas,insufficient information,FALSE,Has no commitment and is not reporting,0,0,0,0,0,0,0,1
2026-01,Mexico,Chedraui,Huevo San Juan Blanco 12 Piezas,insufficient information,FALSE,Has no commitment and is not reporting,0,0,0,0,0,0,0,1
2026-01,Mexico,Chedraui,Clara Huevo Liquida Pasteurizada 1L,insufficient information,FALSE,Has no commitment and is not reporting,0,0,0,0,0,0,0,1
2026-01,Mexico,Chedraui,Huevo Blanco El Calvario 30 Piezas,insufficient information,FALSE,Has no commitment and is not reporting,0,0,0,0,0,0,0,1
2026-01,Mexico,Chedraui,Huevo Blanco Bachoco 30 piezas,insufficient information,FALSE,Has no commitment and is not reporting,0,0,0,0,0,0,0,1
2026-01,Mexico,Chedraui,Huevo Blanco Bachoco 12 Piezas,insufficient information,FALSE,Has no commitment and is not reporting,0,0,0,0,0,0,0,1
2026-01,Mexico,Chedraui,Clara Huevo Liquida Pasteurizada 500g,insufficient information,FALSE,Has no commitment and is not reporting,0,0,0,0,0,0,0,1
2026-01,Mexico,Chedraui,Huevo Blanco El Calvario 18 Piezas,insufficient information,FALSE,Has no commitment and is not reporting,0,0,0,0,0,0,0,1
2026-01,Mexico,Chedraui,Huevo Blanco El Calvario 12 Piezas,insufficient information,FALSE,Has no commitment and is not reporting,0,0,0,0,0,0,0,1
2026-01,Mexico,Chedraui,Huevo Aires de Campo Blanco Orgánico 12 Piezas,organic,FALSE,Has no commitment and is not reporting,1,0,0,0,1,0,0,0
2026-01,Mexico,Chedraui,Huevo Crio Blanco 18 Piezas,insufficient information,FALSE,Has no commitment and is not reporting,0,0,0,0,0,0,0,1
2026-01,Mexico,Chedraui,Huevo Gallinita Libre Rojo Libre Pastoreo 12 Piezas,free-range,FALSE,Has no commitment and is not reporting,1,0,0,1,0,0,0,0
2026-01,Mexico,Chedraui,Huevo Aires de Campo Rojo Orgánico 12 Piezas,organic,FALSE,Has no commitment and is not reporting,1,0,0,0,1,0,0,0
2026-01,Mexico,Chedraui,Huevo Crio Blanco Emplayado 30 Piezas,insufficient information,FALSE,Has no commitment and is not reporting,0,0,0,0,0,0,0,1
2026-01,Mexico,Chedraui,Huevo Crio Blanco 12 Piezas,insufficient information,FALSE,Has no commitment and is not reporting,0,0,0,0,0,0,0,1
2026-01,Mexico,Chedraui,Huevo Blanco 30 Piezas,insufficient information,FALSE,Has no commitment and is not reporting,0,0,0,0,0,0,0,1
2026-01,Mexico,Chedraui,Huevos Blancos Tehuacán 30 Piezas,insufficient information,FALSE,Has no commitment and is not reporting,0,0,0,0,0,0,0,1
2026-01,Mexico,Chedraui,Huevos Blancos Campo Vivo Orgánicos 12 Piezas,organic,FALSE,Has no commitment and is not reporting,1,0,0,0,1,0,0,0
2026-01,Mexico,Chedraui,Huevo Rojo Webito Organico Rojo 12 Piezas,organic,FALSE,Has no commitment and is not reporting,1,0,0,0,1,0,0,0
2026-01,Mexico,Chedraui,Huevo Kaki Blanco 30 Piezas,insufficient information,FALSE,Has no commitment and is not reporting,0,0,0,0,0,0,0,1
2026-01,Mexico,Chedraui,Huevo Blanco Orgánico Mándala Orgánica 12 Piezas,organic,FALSE,Has no commitment and is not reporting,1,0,0,0,1,0,0,0
2026-01,Mexico,Chedraui,Huevo Gallinita Blanco Libre Pastoreo 12 Piezas,free-range,FALSE,Has no commitment and is not reporting,1,0,0,1,0,0,0,0
2026-01,Mexico,Chedraui,Huevos Blancos Tehuacán 18 Piezas,insufficient information,FALSE,Has no commitment and is not reporting,0,0,0,0,0,0,0,1
2026-01,Mexico,Chedraui,Huevo Cresta Libre Blanco Libre Pastoreo 12 Piezas,free-range,FALSE,Has no commitment and is not reporting,1,0,0,1,0,0,0,0
2026-01,Mexico,Chedraui,Huevo Blanco Kaki 18 Piezas,insufficient information,FALSE,Has no commitment and is not reporting,0,0,0,0,0,0,0,1
2026-01,Mexico,Chedraui,Huevo Fresco de Libre Pastoreo Nutri Campo 6 Piezas,free-range,FALSE,Has no commitment and is not reporting,1,0,0,1,0,0,0,0
2026-01,Mexico,Chedraui,Huevo Cresta Libre Blanco Orgánico 12 Piezas,organic,FALSE,Has no commitment and is not reporting,1,0,0,0,1,0,0,0
2026-01,Mexico,Chedraui,Huevos Blancos Tehuacán 12 Piezas,insufficient information,FALSE,Has no commitment and is not reporting,0,0,0,0,0,0,0,1
2026-01,Mexico,Chedraui,Huevo Mi Tierra Libre de Pastore Rojo 18 Piezas,free-range,FALSE,Has no commitment and is not reporting,1,0,0,1,0,0,0,0
2026-01,Mexico,Chedraui,Huevo Kaki Blanco 12 Piezas,insufficient information,FALSE,Has no commitment and is not reporting,0,0,0,0,0,0,0,1
2026-01,Mexico,Chedraui,Huevos Blancos Campo Vivo Orgánicos 6 Piezas,organic,FALSE,Has no commitment and is not reporting,1,0,0,0,1,0,0,0
2026-01,Mexico,Chedraui,Huevo Fresco de Libre Pastoreo Nutri Campo 12 Piezas,free-range,FALSE,Has no commitment and is not reporting,1,0,0,1,0,0,0,0
2026-01,Mexico,Chedraui,Huevo Crio Libre de Jaula 12 Piezas,cage-free not identified,FALSE,Has no commitment and is not reporting,1,0,0,0,0,1,0,0
2026-01,Mexico,Chedraui,Huevo Mi Tierra Libre de Jaula Rojo 12 Piezas,cage-free not identified,FALSE,Has no commitment and is not reporting,1,0,0,0,0,1,0,0
2026-01,Mexico,Chedraui,Huevo Campo Vivo Rojo Orgánico 12 Piezas,organic,FALSE,Has no commitment and is not reporting,1,0,0,0,1,0,0,0
2026-01,Mexico,Chedraui,Huevo Blanco Henne Libre de Jaula 12 Piezas,cage-free not identified,FALSE,Has no commitment and is not reporting,1,0,0,0,0,1,0,0
2026-01,Mexico,Chedraui,Huevo Blanco Webito Organico 12 Piezas,organic,FALSE,Has no commitment and is not reporting,1,0,0,0,1,0,0,0
2026-01,Mexico,Chedraui,Hueva Chicueta Orgánico Blanco 12 Piezas,organic,FALSE,Has no commitment and is not reporting,1,0,0,0,1,0,0,0
2026-01,Mexico,Chedraui,Huevo Apa'Pacho Libre Pastoreo Blanco 18 Piezas,free-range,FALSE,Has no commitment and is not reporting,1,0,0,1,0,0,0,0
2026-01,Mexico,Chedraui,Huevo Apa'Pacho Libre Pastoreo Rojo 18 Piezas,free-range,FALSE,Has no commitment and is not reporting,1,0,0,1,0,0,0,0
2026-01,Mexico,Chedraui,Huevo Apa'pacho Libre Pastoreo Blanco 12 Piezas,free-range,FALSE,Has no commitment and is not reporting,1,0,0,1,0,0,0,0
2026-01,Mexico,Chedraui,Huevo Apa'pacho Libre Pastoreo Blanco 6 Piezas,free-range,FALSE,Has no commitment and is not reporting,1,0,0,1,0,0,0,0
2026-01,Mexico,Chedraui,Huevo Apa'pacho Libre Pastoreo Rojo  6 Piezas,free-range,FALSE,Has no commitment and is not reporting,1,0,0,1,0,0,0,0
2026-01,Mexico,Chedraui,Huevo Apa'pacho Libre Pastoreo Rojo 6 Piezas,free-range,FALSE,Has no commitment and is not reporting,1,0,0,1,0,0,0,0
2026-01,Mexico,Chedraui,Huevo Blanco Chedraui 30 Piezas,insufficient information,FALSE,Has no commitment and is not reporting,0,0,0,0,0,0,0,1
2026-01,Mexico,Chedraui,Huevo Blanco Del Rancho 30 Piezas,cage-free not identified,FALSE,Has no commitment and is not reporting,1,0,0,0,0,1,0,0
2026-01,Mexico,Chedraui,Huevo Blanco Dorado  Bachoco 30 piezas,insufficient information,FALSE,Has no commitment and is not reporting,0,0,0,0,0,0,0,1
2026-01,Mexico,Chedraui,Huevo Blanco Dorado Bachoco 30 piezas,insufficient information,FALSE,Has no commitment and is not reporting,0,0,0,0,0,0,0,1
2026-01,Mexico,Chedraui,Huevo Blanco Fresco de Libre Pastoreo Nutri Campo 18 Piezas,free-range,FALSE,Has no commitment and is not reporting,1,0,0,1,0,0,0,0
2026-01,Mexico,Chedraui,Huevo Blanco Gallina Libre Bachoco 12 piezas,free-range,FALSE,Has no commitment and is not reporting,1,0,0,1,0,0,0,0
2026-01,Mexico,Chedraui,Huevo Blanco Henne  Libre de Jaula 30 piezas,cage-free not identified,FALSE,Has no commitment and is not reporting,1,0,0,0,0,1,0,0
2026-01,Mexico,Chedraui,Huevo Blanco Henne Libre de Jaula 30 piezas,cage-free not identified,FALSE,Has no commitment and is not reporting,1,0,0,0,0,1,0,0
2026-01,Mexico,Chedraui,Huevo Blanco Libre Pastoreo Chicueta 12 Piezas,free-range,FALSE,Has no commitment and is not reporting,1,0,0,1,0,0,0,0
2026-01,Mexico,Chedraui,Huevo Blanco Libre de Pastoreo de Rancho 12 Piezas,free-range,FALSE,Has no commitment and is not reporting,1,0,0,1,0,0,0,0
2026-01,Mexico,Chedraui,Huevo Blanco Los Portales 30 Piezas,insufficient information,FALSE,Has no commitment and is not reporting,0,0,0,0,0,0,0,1
2026-01,Mexico,Chedraui,Huevo Blanco Sabro Pollo 30 Piezas,insufficient information,FALSE,Has no commitment and is not reporting,0,0,0,0,0,0,0,1
2026-01,Mexico,Chedraui,Huevo Blanco Sabrohuevo 12 Piezas,insufficient information,FALSE,Has no commitment and is not reporting,0,0,0,0,0,0,0,1
2026-01,Mexico,Chedraui,Huevo Blanco Sabrohuevo 18 Piezas,insufficient information,FALSE,Has no commitment and is not reporting,0,0,0,0,0,0,0,1
2026-01,Mexico,Chedraui,Huevo Blanco sin Playo 30 Piezas,insufficient information,FALSE,Has no commitment and is not reporting,0,0,0,0,0,0,0,1
2026-01,Mexico,Chedraui,Huevo Calvario Jumbo Blanco 20 pz,insufficient information,FALSE,Has no commitment and is not reporting,0,0,0,0,0,0,0,1
2026-01,Mexico,Chedraui,Huevo Chicueta Orgánico Rojo 12 Piezas,organic,FALSE,Has no commitment and is not reporting,1,0,0,0,1,0,0,0
2026-01,Mexico,Chedraui,Huevo Crio Blanco 15 Piezas,insufficient information,FALSE,Has no commitment and is not reporting,0,0,0,0,0,0,0,1
2026-01,Mexico,Chedraui,Huevo K. Natural Blanco Libre de Pastoreo12 Piezas,free-range,FALSE,Has no commitment and is not reporting,1,0,0,1,0,0,0,0
2026-01,Mexico,Chedraui,Huevo Kaki Blanco 9 Piezas,insufficient information,FALSE,Has no commitment and is not reporting,0,0,0,0,0,0,0,1
2026-01,Mexico,Chedraui,Huevo Khalbes de Rancho Rojo 12 Piezas,free-range,FALSE,Has no commitment and is not reporting,1,0,0,1,0,0,0,0
2026-01,Mexico,Chedraui,Huevo Khalbes de Rancho Rojo 18 Piezas,free-range,FALSE,Has no commitment and is not reporting,1,0,0,1,0,0,0,0
2026-01,Mexico,Chedraui,Huevo Khalbes de Rancho Rojo 6 Piezas,free-range,FALSE,Has no commitment and is not reporting,1,0,0,1,0,0,0,0
2026-01,Mexico,Chedraui,Huevo Libre Pastoreo Rojo 18 piezas,free-range,FALSE,Has no commitment and is not reporting,1,0,0,1,0,0,0,0
2026-01,Mexico,Chedraui,Huevo Mi Tierra Libre de Jaula Blanco 12 Piezas,cage-free not identified,FALSE,Has no commitment and is not reporting,1,0,0,0,0,1,0,0
2026-01,Mexico,Chedraui,Huevo Mi Tierra Libre de Jaula Blanco 6 Piezas,cage-free not identified,FALSE,Has no commitment and is not reporting,1,0,0,0,0,1,0,0
2026-01,Mexico,Chedraui,Huevo Mi Tierra Libre de Jaula Rojo 6 Piezas,cage-free not identified,FALSE,Has no commitment and is not reporting,1,0,0,0,0,1,0,0
2026-01,Mexico,Chedraui,Huevo Mi Tierra Libre de Pastoreo Blanco 18 Piezas,free-range,FALSE,Has no commitment and is not reporting,1,0,0,1,0,0,0,0
2026-01,Mexico,Chedraui,Huevo Nutri Campo Rojo 12 Piezas,free-range,FALSE,Has no commitment and is not reporting,1,0,0,1,0,0,0,0
2026-01,Mexico,Chedraui,Huevo Orgánico Klaus Food Blanco 12 Piezas,organic,FALSE,Has no commitment and is not reporting,1,0,0,0,1,0,0,0
2026-01,Mexico,Chedraui,Huevo Orgánico Klaus Food Rojo 12 Piezas,organic,FALSE,Has no commitment and is not reporting,1,0,0,0,1,0,0,0
2026-01,Mexico,Chedraui,Huevo Rojo Del Rancho 30 Piezas,insufficient information,FALSE,Has no commitment and is not reporting,0,0,0,0,0,0,0,1
2026-01,Mexico,Chedraui,Huevo Rojo Libre Pastoreo Chicueta 12 piezas,free-range,FALSE,Has no commitment and is not reporting,1,0,0,1,0,0,0,0
2026-01,Mexico,Chedraui,Huevo Rojo Libre de Pastoreo de Rancho 12 Piezas,free-range,FALSE,Has no commitment and is not reporting,1,0,0,1,0,0,0,0
2026-01,Mexico,Chedraui,Huevo Rojo Natural Libre Pastoreo 12 Piezas,free-range,FALSE,Has no commitment and is not reporting,1,0,0,1,0,0,0,0
2026-01,Mexico,Chedraui,Huevo Vijori de Rancho Rojo Libre de Jaula 6 Piezas,cage-free not identified,FALSE,Has no commitment and is not reporting,1,0,0,0,0,1,0,0
2026-01,Mexico,Chedraui,Huevo de Codorniz Doña Pris con 24 Piezas,insufficient information,FALSE,Has no commitment and is not reporting,0,0,0,0,0,0,0,1
2026-01,Mexico,Chedraui,Huevo de Codorniz Monter 24 Piezas,insufficient information,FALSE,Has no commitment and is not reporting,0,0,0,0,0,0,0,1
2026-01,Mexico,Chedraui,Huevo de Gallina Blanco Monter 12 Piezas Libre Pastoreo,free-range,FALSE,Has no commitment and is not reporting,1,0,0,1,0,0,0,0
2026-01,Mexico,Chedraui,Huevo de Gallina Blanco con 12 Piezas,insufficient information,FALSE,Has no commitment and is not reporting,0,0,0,0,0,0,0,1
2026-01,Mexico,Chedraui,Huevo de Gallina Rojo Doña Pris 12 Piezas,insufficient information,FALSE,Has no commitment and is not reporting,0,0,0,0,0,0,0,1
2026-01,Mexico,Chedraui,Huevo de Gallina Rojo Monter 12 Piezas Libre Pastoreo,free-range,FALSE,Has no commitment and is not reporting,1,0,0,1,0,0,0,0
2026-01,Mexico,Chedraui,Huevo de Rancho Orgánico Rojo 12 Piezas,free-range,FALSE,Has no commitment and is not reporting,1,0,0,1,0,0,0,0
2026-01,Mexico,HEB,Huevo Blanco Mediano con 30 pz,insufficient information,FALSE,Has no commitment and is not reporting,0,0,0,0,0,0,0,1
2026-01,Mexico,HEB,HCF Huevo Blanco Jumbo con Vitamina E 30 pz Huevo Blanco Jumbo con Vitamina E 30 Pz,insufficient information,FALSE,Has no commitment and is not reporting,0,0,0,0,0,0,0,1
2026-01,Mexico,HEB,Huevo Blanco San Juan 30 piezas Huevo Blanco 30 Pz,insufficient information,FALSE,Has no commitment and is not reporting,0,0,0,0,0,0,0,1
2026-01,Mexico,HEB,Huevo Blanco Mediano 18 Pz,insufficient information,FALSE,Has no commitment and is not reporting,0,0,0,0,0,0,0,1
2026-01,Mexico,HEB,Huevo Mediano 30 Pz,insufficient information,FALSE,Has no commitment and is not reporting,0,0,0,0,0,0,0,1
2026-01,Mexico,HEB,HCF Huevo Blanco Jumbo 18 pz Huevo Blanco Jumbo 18 Pz,insufficient information,FALSE,Has no commitment and is not reporting,0,0,0,0,0,0,0,1
2026-01,Mexico,HEB,Huevo Blanco Mediano 12 Pz,insufficient information,FALSE,Has no commitment and is not reporting,0,0,0,0,0,0,0,1
2026-01,Mexico,HEB,Clara de Huevo Líquida Pasteurizada 1 Kg,insufficient information,FALSE,Has no commitment and is not reporting,0,0,0,0,0,0,0,1
2026-01,Mexico,HEB,HCF Huevo Blanco Jumbo 12 pz Huevo Blanco Jumbo 12 Pz,insufficient information,FALSE,Has no commitment and is not reporting,0,0,0,0,0,0,0,1
2026-01,Mexico,HEB,Huevo Rojo Libre Pastoreo 12 pz Huevo Rojo Libre Pastoreo 12 Pz,free-range,FALSE,Has no commitment and is not reporting,1,0,0,1,0,0,0,0
2026-01,Mexico,HEB,Huevo Blanco 18 Pz,insufficient information,FALSE,Has no commitment and is not reporting,0,0,0,0,0,0,0,1
2026-01,Mexico,HEB,Huevo Blanco Mediano con 30 pz,insufficient information,FALSE,Has no commitment and is not reporting,0,0,0,0,0,0,0,1
2026-01,Mexico,HEB,Huevo Rojo 30 Pz,insufficient information,FALSE,Has no commitment and is not reporting,0,0,0,0,0,0,0,1
2026-01,Mexico,HEB,Huevo Blanco Jumbo 30 Pz 30 Pz,insufficient information,FALSE,Has no commitment and is not reporting,0,0,0,0,0,0,0,1
2026-01,Mexico,HEB,Huevo Blanco 12 Pz,insufficient information,FALSE,Has no commitment and is not reporting,0,0,0,0,0,0,0,1
2026-01,Mexico,HEB,HCF Huevo Rojo Grande 18 pz Huevo Rojo Grande 18 Pz,insufficient information,FALSE,Has no commitment and is not reporting,0,0,0,0,0,0,0,1
2026-01,Mexico,HEB,Huevo Blanco Mediano 12 Pz 12 Pz,insufficient information,FALSE,Has no commitment and is not reporting,0,0,0,0,0,0,0,1
2026-01,Mexico,HEB,Clara de Huevo Líquida Pasteurizada 500 Gr,insufficient information,FALSE,Has no commitment and is not reporting,0,0,0,0,0,0,0,1
2026-01,Mexico,HEB,HEB Clara de Huevo Líquida Pasteurizada 500 g,insufficient information,FALSE,Has no commitment and is not reporting,0,0,0,0,0,0,0,1
2026-01,Mexico,HEB,Huevo Rojo 18 Pz,insufficient information,FALSE,Has no commitment and is not reporting,0,0,0,0,0,0,0,1
2026-01,Mexico,HEB,Huevo Blanco Jumbo 30 Pz 30 Pz,insufficient information,FALSE,Has no commitment and is not reporting,0,0,0,0,0,0,0,1
2026-01,Mexico,HEB,Huevo Blanco Jumbo 18pz 18 Pz,insufficient information,FALSE,Has no commitment and is not reporting,0,0,0,0,0,0,0,1
2026-01,Mexico,HEB,Huevo Blanco Jumbo 12 Pz 12 Pz,insufficient information,FALSE,Has no commitment and is not reporting,0,0,0,0,0,0,0,1
2026-01,Mexico,HEB,Huevo Blanco 30 Pz 30 Pz,insufficient information,FALSE,Has no commitment and is not reporting,0,0,0,0,0,0,0,1
2026-01,Mexico,HEB,Huevo Blanco 18 Pz 18 Pz,insufficient information,FALSE,Has no commitment and is not reporting,0,0,0,0,0,0,0,1
2026-01,Mexico,HEB,Huevo Blanco 12 Pz 12 Pz,insufficient information,FALSE,Has no commitment and is not reporting,0,0,0,0,0,0,0,1
2026-01,Mexico,HEB,Huevo Blanco 18 Pz,insufficient information,FALSE,Has no commitment and is not reporting,0,0,0,0,0,0,0,1
2026-01,Mexico,HEB,Huevo Blanco 12 Pz,insufficient information,FALSE,Has no commitment and is not reporting,0,0,0,0,0,0,0,1
2026-01,Mexico,HEB,Huevo Blanco Jumbo 12 Pz,insufficient information,FALSE,Has no commitment and is not reporting,0,0,0,0,0,0,0,1
2026-01,Mexico,HEB,Huevo Blanco Jumbo 30 Pz,insufficient information,FALSE,Has no commitment and is not reporting,0,0,0,0,0,0,0,1
2026-01,Mexico,HEB,Huevo Blanco Mediano 18 Pz 18 Pz,insufficient information,FALSE,Has no commitment and is not reporting,0,0,0,0,0,0,0,1
2026-01,Mexico,HEB,Huevo Blanco Grande 18 Pz 18 Pz,insufficient information,FALSE,Has no commitment and is not reporting,0,0,0,0,0,0,0,1
2026-01,Mexico,HEB,Huevo Blanco 6 Pz,insufficient information,FALSE,Has no commitment and is not reporting,0,0,0,0,0,0,0,1
2026-01,Mexico,HEB,Huevo Blanco 12 Pz,insufficient information,FALSE,Has no commitment and is not reporting,0,0,0,0,0,0,0,1
2026-01,Mexico,HEB,Huevo Blanco 30 Pz,insufficient information,FALSE,Has no commitment and is not reporting,0,0,0,0,0,0,0,1
2026-01,Mexico,HEB,Huevo de Codorniz 12 Pz,insufficient information,FALSE,Has no commitment and is not reporting,0,0,0,0,0,0,0,1
2026-01,Mexico,HEB,Huevo Enriquecido C/ Omega 3 12 Pz,insufficient information,FALSE,Has no commitment and is not reporting,0,0,0,0,0,0,0,1
2026-01,Mexico,HEB,Huevo Blanco Grande 18 Pz,insufficient information,FALSE,Has no commitment and is not reporting,0,0,0,0,0,0,0,1
2026-01,Mexico,HEB,HCF Huevo Grande 18 pz Huevo Grande 18 Pz,insufficient information,FALSE,Has no commitment and is not reporting,0,0,0,0,0,0,0,1
2026-01,Mexico,HEB,HCF Huevo Grande 12 pz Huevo Grande 12 Pz,insufficient information,FALSE,Has no commitment and is not reporting,0,0,0,0,0,0,0,1
2026-01,Mexico,HEB,Huevo Mediano 18 Pz,insufficient information,FALSE,Has no commitment and is not reporting,0,0,0,0,0,0,0,1
2026-01,Mexico,HEB,Huevo Mediano 12 Pz,insufficient information,FALSE,Has no commitment and is not reporting,0,0,0,0,0,0,0,1
2026-01,Mexico,HEB,HCF Huevo Grande 6 pz Huevo Grande 6 Pz,insufficient information,FALSE,Has no commitment and is not reporting,0,0,0,0,0,0,0,1
2026-01,Mexico,HEB,HCF Huevo Grande 30 pz Huevo Grande 30 Pz,insufficient information,FALSE,Has no commitment and is not reporting,0,0,0,0,0,0,0,1
2026-01,Mexico,HEB,Huevo Orgánico 12 Pz,organic,FALSE,Has no commitment and is not reporting,1,0,0,0,1,0,0,0
2026-01,Mexico,HEB,Huevo Blanco 30 Pz,insufficient information,FALSE,Has no commitment and is not reporting,0,0,0,0,0,0,0,1
2026-01,Mexico,HEB,Huevo Rojo Libre Pastoreo 12 Pz,free-range,FALSE,Has no commitment and is not reporting,1,0,0,1,0,0,0,0
2026-01,Mexico,HEB,Huevo Vegetariano 12 Pz,insufficient information,FALSE,Has no commitment and is not reporting,0,0,0,0,0,0,0,1
2026-01,Mexico,HEB,Huevo Rojo Libre de Jaula 12 Pz,cage-free not identified,FALSE,Has no commitment and is not reporting,1,0,0,0,0,1,0,0
2026-01,Mexico,HEB,Orespi Huevo Mediano 12 Pz,insufficient information,FALSE,Has no commitment and is not reporting,0,0,0,0,0,0,0,1
2026-01,Mexico,HEB,Orespi Huevo Grande 18 Pz,insufficient information,FALSE,Has no commitment and is not reporting,0,0,0,0,0,0,0,1
2026-01,Mexico,HEB,Huevo Mediano 12 Pz,insufficient information,FALSE,Has no commitment and is not reporting,0,0,0,0,0,0,0,1
2026-01,Mexico,HEB,Huevo 30 Pz,insufficient information,FALSE,Has no commitment and is not reporting,0,0,0,0,0,0,0,1
2026-01,Mexico,HEB,Huevo Blanco Mediano 30 Pz,insufficient information,FALSE,Has no commitment and is not reporting,0,0,0,0,0,0,0,1
2026-01,Mexico,HEB,Huevo Mediano 30 Pz,insufficient information,FALSE,Has no commitment and is not reporting,0,0,0,0,0,0,0,1
2026-01,Mexico,HEB,Huevo Blanco 30 Pz,insufficient information,FALSE,Has no commitment and is not reporting,0,0,0,0,0,0,0,1
2026-01,Mexico,HEB,Clara de Huevo Líquida 1 kg Clara de Huevo Líquida 1 Kg,insufficient information,FALSE,Has no commitment and is not reporting,0,0,0,0,0,0,0,1
2026-01,Mexico,HEB,Huevo Blanco Grande Grado a 6 Pz,insufficient information,FALSE,Has no commitment and is not reporting,0,0,0,0,0,0,0,1
2026-01,Mexico,HEB,Huevo Blanco 18 Pz,insufficient information,FALSE,Has no commitment and is not reporting,0,0,0,0,0,0,0,1
2026-01,Mexico,HEB,Huevo Blanco 12 pz,insufficient information,FALSE,Has no commitment and is not reporting,0,0,0,0,0,0,0,1
2026-01,Mexico,HEB,Huevo Blanco 30 Pz,insufficient information,FALSE,Has no commitment and is not reporting,0,0,0,0,0,0,0,1
2026-01,Mexico,HEB,Huevo Rojo Organico 12 Pz,organic,FALSE,Has no commitment and is not reporting,1,0,0,0,1,0,0,0
2026-01,Mexico,HEB,Huevo Blanco Organico 12 Pz,organic,FALSE,Has no commitment and is not reporting,1,0,0,0,1,0,0,0
2026-01,Mexico,HEB,Huevo Rojo Libre de Jaula 12 Pz,cage-free not identified,FALSE,Has no commitment and is not reporting,1,0,0,0,0,1,0,0
2026-01,Mexico,HEB,Huevo Rojo Libre Pastoreo 12 Pz,free-range,FALSE,Has no commitment and is not reporting,1,0,0,1,0,0,0,0
2026-01,Mexico,HEB,Huevo Blanco Libre de Jaula 12 Pz,cage-free not identified,FALSE,Has no commitment and is not reporting,1,0,0,0,0,1,0,0
2026-01,Mexico,HEB,HCF Huevo Blanco Jumbo 6 pz Huevo Blanco Jumbo 6 Pz,insufficient information,FALSE,Has no commitment and is not reporting,0,0,0,0,0,0,0,1
2026-01,Mexico,HEB,Huevo Refrigerado Rojo Libre de Jaula 12 Pz,cage-free not identified,FALSE,Has no commitment and is not reporting,1,0,0,0,0,1,0,0
2026-01,Mexico,HEB,Huevo Rojo 12 Pz,insufficient information,FALSE,Has no commitment and is not reporting,0,0,0,0,0,0,0,1
2026-01,Mexico,HEB,Huevo Libre Pastoreo 12 Pz,free-range,FALSE,Has no commitment and is not reporting,1,0,0,1,0,0,0,0
2026-01,Mexico,HEB,Huevo Vegetariano 12 Pz,insufficient information,FALSE,Has no commitment and is not reporting,0,0,0,0,0,0,0,1
2026-01,Mexico,HEB,Huevo Blanco 30 Pz,insufficient information,FALSE,Has no commitment and is not reporting,0,0,0,0,0,0,0,1
2026-01,Mexico,HEB,Huevo Blanco 18 Pz,insufficient information,FALSE,Has no commitment and is not reporting,0,0,0,0,0,0,0,1
2026-01,Mexico,HEB,Huevo Blanco 12 Pz,insufficient information,FALSE,Has no commitment and is not reporting,0,0,0,0,0,0,0,1
2026-01,Mexico,HEB,Huevo Blanco 18 Pz,insufficient information,FALSE,Has no commitment and is not reporting,0,0,0,0,0,0,0,1
2026-01,Mexico,HEB,Huevo Blanco 30 Pz,insufficient information,FALSE,Has no commitment and is not reporting,0,0,0,0,0,0,0,1
2026-01,Mexico,HEB,Huevo Rojo Grande Vegetariano 12 Pz,insufficient information,FALSE,Has no commitment and is not reporting,0,0,0,0,0,0,0,1
2026-01,Mexico,HEB,HCF Huevo Blanco Grande Refrigerado 12 pz Huevo Blanco Grande Refrigerado 12 Pz,insufficient information,FALSE,Has no commitment and is not reporting,0,0,0,0,0,0,0,1
2026-01,Mexico,HEB,Coronado Claras de Huevo Sin Colesterol 1.89 L,insufficient information,FALSE,Has no commitment and is not reporting,0,0,0,0,0,0,0,1
2026-01,Mexico,HEB,Huevo Blanco Jumbo 24 Pz,insufficient information,FALSE,Has no commitment and is not reporting,0,0,0,0,0,0,0,1
2026-01,Mexico,HEB,Huevo Blanco 6 pz Huevo Blanco 6 Pz,insufficient information,FALSE,Has no commitment and is not reporting,0,0,0,0,0,0,0,1
2026-01,Mexico,HEB,Huevo Blanco Libre de Jaula 12 Pz,cage-free not identified,FALSE,Has no commitment and is not reporting,1,0,0,0,0,1,0,0
2026-01,Mexico,HEB,HCF Huevo Rojo Jumbo con 18 pz,insufficient information,FALSE,Has no commitment and is not reporting,0,0,0,0,0,0,0,1
2026-01,Mexico,La Comer,Huevo Blanco Organico,organic,FALSE,Has commitment and is reporting,1,0,0,0,1,0,0,0
2026-01,Mexico,La Comer,Huevo Blanco Organico,organic,FALSE,Has commitment and is reporting,1,0,0,0,1,0,0,0
2026-01,Mexico,La Comer,Huevo Rojo Organico,organic,FALSE,Has commitment and is reporting,1,0,0,0,1,0,0,0
2026-01,Mexico,La Comer,Huevo Rojo Organico,organic,FALSE,Has commitment and is reporting,1,0,0,0,1,0,0,0
2026-01,Mexico,La Comer,Huevo De Colores Organico,organic,FALSE,Has commitment and is reporting,1,0,0,0,1,0,0,0
2026-01,Mexico,La Comer,Huevo Blanco Organico,organic,FALSE,Has commitment and is reporting,1,0,0,0,1,0,0,0
2026-01,Mexico,La Comer,Huevo Rojo Organico,organic,FALSE,Has commitment and is reporting,1,0,0,0,1,0,0,0
2026-01,Mexico,La Comer,Huevo De Colores Organico,organic,FALSE,Has commitment and is reporting,1,0,0,0,1,0,0,0
2026-01,Mexico,La Comer,Huevo Organico Blanco Mandala,organic,FALSE,Has commitment and is reporting,1,0,0,0,1,0,0,0
2026-01,Mexico,La Comer,Huevo Blanco Orgánico,organic,FALSE,Has commitment and is reporting,1,0,0,0,1,0,0,0
2026-01,Mexico,La Comer,Huevo Blanco De Libre Pastoreo,free-range,FALSE,Has commitment and is reporting,1,0,0,1,0,0,0,0
2026-01,Mexico,La Comer,Huevo Rojo Libre Pastoreo,free-range,FALSE,Has commitment and is reporting,1,0,0,1,0,0,0,0
2026-01,Mexico,La Comer,Huevo Blanco Libre Pastoreo,free-range,FALSE,Has commitment and is reporting,1,0,0,1,0,0,0,0
2026-01,Mexico,La Comer,Huevo Blanco Libre Pastoreo,free-range,FALSE,Has commitment and is reporting,1,0,0,1,0,0,0,0
2026-01,Mexico,La Comer,Huevo Blanco,insufficient information,FALSE,Has commitment and is reporting,0,0,0,0,0,0,0,1
2026-01,Mexico,La Comer,Huevo Blanco,insufficient information,FALSE,Has commitment and is reporting,0,0,0,0,0,0,0,1
2026-01,Mexico,La Comer,Huevo Blanco,insufficient information,FALSE,Has commitment and is reporting,0,0,0,0,0,0,0,1
2026-01,Mexico,La Comer,Huevo Blanco,insufficient information,FALSE,Has commitment and is reporting,0,0,0,0,0,0,0,1
2026-01,Mexico,La Comer,Huevo Blanco,insufficient information,FALSE,Has commitment and is reporting,0,0,0,0,0,0,0,1
2026-01,Mexico,La Comer,Huevo Blanco,insufficient information,FALSE,Has commitment and is reporting,0,0,0,0,0,0,0,1
2026-01,Mexico,La Comer,Huevo Blanco,insufficient information,FALSE,Has commitment and is reporting,0,0,0,0,0,0,0,1
2026-01,Mexico,La Comer,Huevo Blanco,insufficient information,FALSE,Has commitment and is reporting,0,0,0,0,0,0,0,1
2026-01,Mexico,La Comer,Huevo De Nido Tehuacan 12 Pza,cage-free not identified,FALSE,Has commitment and is reporting,1,0,0,0,0,1,0,0
2026-01,Mexico,La Comer,Huevo Rojo,insufficient information,FALSE,Has commitment and is reporting,0,0,0,0,0,0,0,1
2026-01,Mexico,La Comer,Huevo Rojo,insufficient information,FALSE,Has commitment and is reporting,0,0,0,0,0,0,0,1
2026-01,Mexico,La Comer,Huevo Rojo,insufficient information,FALSE,Has commitment and is reporting,0,0,0,0,0,0,0,1
2026-01,Mexico,La Comer,Huevo De Colores Campero,insufficient information,FALSE,Has commitment and is reporting,0,0,0,0,0,0,0,1
2026-01,Mexico,Soriana,Huevo Blanco San Juan 30 Piezas,insufficient information,FALSE,Has no commitment and is not reporting,0,0,0,0,0,0,0,1
2026-01,Mexico,Soriana,Huevo Blanco San Juan 12 Piezas,insufficient information,FALSE,Has no commitment and is not reporting,0,0,0,0,0,0,0,1
2026-01,Mexico,Soriana,Huevo blanco Bachoco 12 piezas,insufficient information,FALSE,Has no commitment and is not reporting,0,0,0,0,0,0,0,1
2026-01,Mexico,Soriana,Huevo Blanco Calvario 12 piezas,insufficient information,FALSE,Has no commitment and is not reporting,0,0,0,0,0,0,0,1
2026-01,Mexico,Soriana,Huevo Blanco Precíssimo 30 Piezas,insufficient information,FALSE,Has no commitment and is not reporting,0,0,0,0,0,0,0,1
2026-01,Mexico,Soriana,Huevo Blanco Bachoco 30 Piezas,insufficient information,FALSE,Has no commitment and is not reporting,0,0,0,0,0,0,0,1
2026-01,Mexico,Soriana,Huevo Blanco Bachoco 18 Piezas,insufficient information,FALSE,Has no commitment and is not reporting,0,0,0,0,0,0,0,1
2026-01,Mexico,Soriana,Huevo Blanco San Juan 18 Piezas,insufficient information,FALSE,Has no commitment and is not reporting,0,0,0,0,0,0,0,1
2026-01,Mexico,Soriana,Huevo Blanco Calvario 30 piezas,insufficient information,FALSE,Has no commitment and is not reporting,0,0,0,0,0,0,0,1
2026-01,Mexico,Soriana,Huevo de Codorniz San Andrés 24 piezas,insufficient information,FALSE,Has no commitment and is not reporting,0,0,0,0,0,0,0,1
2026-01,Mexico,Soriana,Huevo Blanco Precíssimo 12 Piezas,insufficient information,FALSE,Has no commitment and is not reporting,0,0,0,0,0,0,0,1
2026-01,Mexico,Soriana,Huevo Blanco Calvario 18 piezas,insufficient information,FALSE,Has no commitment and is not reporting,0,0,0,0,0,0,0,1
2026-01,Mexico,Soriana,Huevo Blanco Gena 30 piezas,insufficient information,FALSE,Has no commitment and is not reporting,0,0,0,0,0,0,0,1
2026-01,Mexico,Soriana,Huevo Blanco Gena 30 piezas,insufficient information,FALSE,Has no commitment and is not reporting,0,0,0,0,0,0,0,1
2026-01,Mexico,Soriana,Huevo Blanco Libre de Pastoreo Valley Foods Fresh 12 Piezas,free-range,FALSE,Has no commitment and is not reporting,1,0,0,1,0,0,0,0
2026-01,Mexico,Soriana,Huevo Blanco Gena 12 piezas,insufficient information,FALSE,Has no commitment and is not reporting,0,0,0,0,0,0,0,1
2026-01,Mexico,Soriana,Huevo Blanco Gena 18 Piezas,insufficient information,FALSE,Has no commitment and is not reporting,0,0,0,0,0,0,0,1
2026-01,Mexico,Soriana,Huevo Blanco de Libre Pastoreo 12 piezas,free-range,FALSE,Has no commitment and is not reporting,1,0,0,1,0,0,0,0
2026-01,Mexico,Soriana,Huevos Blanco Bachoco Gallina Libre 12 pz,free-range,FALSE,Has no commitment and is not reporting,1,0,0,1,0,0,0,0
2026-01,Mexico,Soriana,Huevo Real Blanco Libre Pastoreo 12 Pzs,free-range,FALSE,Has no commitment and is not reporting,1,0,0,1,0,0,0,0
2026-01,Mexico,Soriana,Huevo Rojo Bachoco 30 Piezas,insufficient information,FALSE,Has no commitment and is not reporting,0,0,0,0,0,0,0,1
2026-01,Mexico,Soriana,Huevo rojo Bachoco 18 piezas,insufficient information,FALSE,Has no commitment and is not reporting,0,0,0,0,0,0,0,1
2026-01,Mexico,Soriana,Huevo Rojo Bachoco 12 Piezas,insufficient information,FALSE,Has no commitment and is not reporting,0,0,0,0,0,0,0,1
2026-01,Mexico,Soriana,Huevo Rojo Libre de Pastoreo Valley Foods Fresh 12 Piezas,free-range,FALSE,Has no commitment and is not reporting,1,0,0,1,0,0,0,0
2026-01,Mexico,Soriana,Huevo Rojo San Andrés de Rancho 12 Piezas,insufficient information,FALSE,Has no commitment and is not reporting,0,0,0,0,0,0,0,1
2026-01,Mexico,Walmart,Huevo blanco San Juan 30 pzas,insufficient information,FALSE,Has no commitment and is not reporting,0,0,0,0,0,0,0,1
2026-01,Mexico,Walmart,Huevo blanco Aires de Campo orgánico 12 pzas,free-range,FALSE,Has no commitment and is not reporting,1,0,0,1,0,0,0,0
2026-01,Mexico,Walmart,Huevo blanco Bachoco fresco 30 pzas,insufficient information,FALSE,Has no commitment and is not reporting,0,0,0,0,0,0,0,1
2026-01,Mexico,Walmart,Huevo blanco Bachoco fresco 18 pzas,insufficient information,FALSE,Has no commitment and is not reporting,0,0,0,0,0,0,0,1
2026-01,Mexico,Walmart,Huevo blanco San Juan 12 pzas,insufficient information,FALSE,Has no commitment and is not reporting,0,0,0,0,0,0,0,1
2026-01,Mexico,Walmart,Huevo blanco San Juan 18 pzas,insufficient information,FALSE,Has no commitment and is not reporting,0,0,0,0,0,0,0,1
2026-01,Mexico,Walmart,Huevo blanco El Calvario fresco 30 pzas,insufficient information,FALSE,Has no commitment and is not reporting,0,0,0,0,0,0,0,1
2026-01,Mexico,Walmart,Huevo blanco Bachoco fresco 12 pzas,insufficient information,FALSE,Has no commitment and is not reporting,0,0,0,0,0,0,0,1
2026-01,Mexico,Walmart,Huevo blanco Bachoco gallina libre 12 pzas,free-range,FALSE,Has no commitment and is not reporting,1,0,0,1,0,0,0,0
2026-01,Mexico,Walmart,Huevo blanco El Calvario 12 pzas,insufficient information,FALSE,Has no commitment and is not reporting,0,0,0,0,0,0,0,1
2026-01,Mexico,Walmart,Huevo blanco San Juan cage free 12 pzas,cage-free not identified,FALSE,Has no commitment and is not reporting,1,0,0,0,0,1,0,0
2026-01,Mexico,Walmart,Huevo blanco El Calvario de gallina libre de jaula 12 pzas,cage-free not identified,FALSE,Has no commitment and is not reporting,1,0,0,0,0,1,0,0
2026-01,Mexico,Walmart,Huevo blanco Nutri Campo fresco de libre pastoreo 6 pzas,free-range,FALSE,Has no commitment and is not reporting,1,0,0,1,0,0,0,0
2026-01,Mexico,Walmart,Huevo blanco El Calvario 18 pzas,insufficient information,FALSE,Has no commitment and is not reporting,0,0,0,0,0,0,0,1
2026-01,Mexico,Walmart,Huevo blanco Gallinita Libre 12 pzas,free-range,FALSE,Has no commitment and is not reporting,1,0,0,1,0,0,0,0
2026-01,Mexico,Walmart,Huevo Orgánico Klaus Food Blanco 12 pzas,organic,FALSE,Has no commitment and is not reporting,1,0,0,0,1,0,0,0
2026-01,Mexico,Walmart,Huevo Corraleros blanco y rojo 12 pzas,cage-free not identified,FALSE,Has no commitment and is not reporting,1,0,0,0,0,1,0,0
2026-01,Mexico,Walmart,Huevo blanco Tehuacán 30 pzas,insufficient information,FALSE,Has no commitment and is not reporting,0,0,0,0,0,0,0,1
2026-01,Mexico,Walmart,Huevo blanco Dorado 30 pzas,insufficient information,FALSE,Has no commitment and is not reporting,0,0,0,0,0,0,0,1
2026-01,Mexico,Walmart,"Huevo blanco Nutri Campo fresco, de libre pastoreo 12 pzas",free-range,FALSE,Has no commitment and is not reporting,1,0,0,1,0,0,0,0
2026-01,Mexico,Walmart,Huevo blanco Alvisa 30 pzas,insufficient information,FALSE,Has no commitment and is not reporting,0,0,0,0,0,0,0,1
2026-01,Mexico,Walmart,Huevo blanco Marketside libre pastoreo 12 pzas,free-range,FALSE,Has no commitment and is not reporting,1,0,0,1,0,0,0,0
2026-01,Mexico,Walmart,Huevo Libre Pastoreo K'Natural Blanco 12 pzas,free-range,FALSE,Has no commitment and is not reporting,1,0,0,1,0,0,0,0
2026-01,Mexico,Walmart,Huevo blanco Doña Pris de gallina libre pastoreo 12 pzas,free-range,FALSE,Has no commitment and is not reporting,1,0,0,1,0,0,0,0
2026-01,Mexico,Walmart,Huevo blanco Guadalupe 1 paquete con 12 pzas,insufficient information,FALSE,Has no commitment and is not reporting,0,0,0,0,0,0,0,1
2026-01,Mexico,Walmart,Huevo blanco Guadalupe fresco 18 pzas,insufficient information,FALSE,Has no commitment and is not reporting,0,0,0,0,0,0,0,1
2026-01,Mexico,Walmart,Huevo blanco Tehuacán 12 pzas,insufficient information,FALSE,Has no commitment and is not reporting,0,0,0,0,0,0,0,1
2026-01,Mexico,Walmart,Huevo rojo Bachoco fresco 30 pzas,insufficient information,FALSE,Has no commitment and is not reporting,0,0,0,0,0,0,0,1
2026-01,Mexico,Walmart,Huevo rojo Bachoco fresco 18 pzas,insufficient information,FALSE,Has no commitment and is not reporting,0,0,0,0,0,0,0,1
2026-01,Mexico,Walmart,Huevo rojo Bachoco fresco 12 pzas,insufficient information,FALSE,Has no commitment and is not reporting,0,0,0,0,0,0,0,1
2026-01,Mexico,Walmart,Huevo rojo Gallinita Libre libre pastoreo 12 pzas,free-range,FALSE,Has no commitment and is not reporting,1,0,0,1,0,0,0,0
2026-01,Mexico,Walmart,Huevo rojo El Gallo de libre pastoreo 12 pzas,free-range,FALSE,Has no commitment and is not reporting,1,0,0,1,0,0,0,0
2026-01,Mexico,Walmart,Huevo  rojo Marketside libre pastoreo 12 pzas,free-range,FALSE,Has no commitment and is not reporting,1,0,0,1,0,0,0,0
2026-01,Mexico,Walmart,Huevo rojo Doña Pris de gallina  libre pastoreo 12 pzas,free-range,FALSE,Has no commitment and is not reporting,1,0,0,1,0,0,0,0
2026-01,Mexico,Walmart,Huevo Corraleros blanco y  rojo 12 pzas,barn,FALSE,Has no commitment and is not reporting,1,1,0,0,0,0,0,0
2026-01,Mexico,Walmart,Huevo Libre Pastoreo K'Natural Rojo 12 pzas,free-range,FALSE,Has no commitment and is not reporting,1,0,0,1,0,0,0,0
2026-01,Pakistan,Metro-Makro,Wahdat Golden Eggs 12,insufficient information,FALSE,Has commitment but is not reporting,0,0,0,0,0,0,0,1
2026-01,Pakistan,Utility Stores Corporation,"Lomen Brown Eggs (50/60 Gm)(LP)
35.00 Rs.",insufficient information,FALSE,Has no commitment and is not reporting,0,0,0,0,0,0,0,1
2026-01,Pakistan,Utility Stores Corporation,"Gul Eggs Per Pcs (LP)(KHL)
32.00 Rs.",insufficient information,FALSE,Has no commitment and is not reporting,0,0,0,0,0,0,0,1
2026-01,Pakistan,Utility Stores Corporation,"Lomen Brown Eggs (50/60 Gm)(LP)
35.00 Rs.",insufficient information,FALSE,Has no commitment and is not reporting,0,0,0,0,0,0,0,1
2026-01,Pakistan,Utility Stores Corporation,"LS Eggs (One Pcs) (LP)(F-S)
30.00 Rs.",insufficient information,FALSE,Has no commitment and is not reporting,0,0,0,0,0,0,0,1
2026-01,Pakistan,Utility Stores Corporation,"LS Eggs (50/60) gm (LP)(KHB)
30.00 Rs.",insufficient information,FALSE,Has no commitment and is not reporting,0,0,0,0,0,0,0,1
2026-01,Philippines,SM Supermarket/Hypermarket,Bounty Fresh Large Eggs | 30pcs,insufficient information,FALSE,Has no commitment and is not reporting,0,0,0,0,0,0,0,1
2026-01,Philippines,SM Supermarket/Hypermarket,SM Bonus Fresh Eggs | 12pcs,insufficient information,FALSE,Has no commitment and is not reporting,0,0,0,0,0,0,0,1
2026-01,Philippines,SM Supermarket/Hypermarket,Bounty Cage Free White Eggs | 12pcs,cage-free not identified,FALSE,Has no commitment and is not reporting,1,0,0,0,0,1,0,0
2026-01,Philippines,SM Supermarket/Hypermarket,Magnolia Brown Eggs Medium | 12pcs,insufficient information,FALSE,Has no commitment and is not reporting,0,0,0,0,0,0,0,1
2026-01,Philippines,SM Supermarket/Hypermarket,SM Bonus Fresh Eggs Large | 12pcs,insufficient information,FALSE,Has no commitment and is not reporting,0,0,0,0,0,0,0,1
2026-01,Philippines,SM Supermarket/Hypermarket,Bounty Farms Eggs Enriched Omega 3 | 10pcs,insufficient information,FALSE,Has no commitment and is not reporting,0,0,0,0,0,0,0,1
2026-01,Philippines,SM Supermarket/Hypermarket,SM Bonus Salted Eggs | 4pcs,insufficient information,FALSE,Has no commitment and is not reporting,0,0,0,0,0,0,0,1
2026-01,Philippines,SM Supermarket/Hypermarket,SM Bonus Salted Egg (N) | 4pcs,insufficient information,FALSE,Has no commitment and is not reporting,0,0,0,0,0,0,0,1
2026-01,Philippines,SM Supermarket/Hypermarket,SM Bonus Fresh Eggs Medium | 6pcs,insufficient information,FALSE,Has no commitment and is not reporting,0,0,0,0,0,0,0,1
2026-01,Philippines,SM Supermarket/Hypermarket,SM Bonus Fresh Eggs M | 12ps,insufficient information,FALSE,Has no commitment and is not reporting,0,0,0,0,0,0,0,1
2026-01,Philippines,SM Supermarket/Hypermarket,SM Bonus Fresh Eggs Large (Clc) | 12pcs,insufficient information,FALSE,Has no commitment and is not reporting,0,0,0,0,0,0,0,1
2026-01,Philippines,SM Supermarket/Hypermarket,SM Bonus Fresh Medium Eggs | 12pcs,insufficient information,FALSE,Has no commitment and is not reporting,0,0,0,0,0,0,0,1
2026-01,Philippines,SM Supermarket/Hypermarket,SM Bonus Brown Eggs | 6pcs,insufficient information,FALSE,Has no commitment and is not reporting,0,0,0,0,0,0,0,1
2026-01,Philippines,SM Supermarket/Hypermarket,Bounty Selenium Enriched Eggs | 6pcs,insufficient information,FALSE,Has no commitment and is not reporting,0,0,0,0,0,0,0,1
2026-01,Philippines,SM Supermarket/Hypermarket,Bounty Eggs With Vitamin E | 6pcs,insufficient information,FALSE,Has no commitment and is not reporting,0,0,0,0,0,0,0,1
2026-01,Philippines,SM Supermarket/Hypermarket,SM Bonus Fresh Egg Medium N | 12pcs,insufficient information,FALSE,Has no commitment and is not reporting,0,0,0,0,0,0,0,1
2026-01,Philippines,SM Supermarket/Hypermarket,SM Bonus Fresh Eggs Medium | 12pcs,insufficient information,FALSE,Has no commitment and is not reporting,0,0,0,0,0,0,0,1
2026-01,Philippines,SM Supermarket/Hypermarket,SM Bonus Fresh Eggs Large | 12pcs,insufficient information,FALSE,Has no commitment and is not reporting,0,0,0,0,0,0,0,1
2026-01,Philippines,SM Supermarket/Hypermarket,SM Bonus Fresh Eggs Medium | 12pcs,insufficient information,FALSE,Has no commitment and is not reporting,0,0,0,0,0,0,0,1
2026-01,Philippines,SM Supermarket/Hypermarket,Alto Palo Fresh Eggs Medium | 12pcs,insufficient information,FALSE,Has no commitment and is not reporting,0,0,0,0,0,0,0,1
2026-01,Philippines,SM Supermarket/Hypermarket,Bounty Vitamin D Enriched Eggs | 10pcs,insufficient information,FALSE,Has no commitment and is not reporting,0,0,0,0,0,0,0,1
2026-01,Philippines,SM Supermarket/Hypermarket,SM Bonus Fresh Eggs Medium | 12pcs,insufficient information,FALSE,Has no commitment and is not reporting,0,0,0,0,0,0,0,1
2026-01,Philippines,SM Supermarket/Hypermarket,Fresh Harvest Eggs Medium | 12pcs,insufficient information,FALSE,Has no commitment and is not reporting,0,0,0,0,0,0,0,1
2026-01,Philippines,SM Supermarket/Hypermarket,SM Bonus Brown Eggs Medium | 12pcs,insufficient information,FALSE,Has no commitment and is not reporting,0,0,0,0,0,0,0,1
2026-01,Philippines,SM Supermarket/Hypermarket,Juan Fresh Eggs | 12pcs,insufficient information,FALSE,Has no commitment and is not reporting,0,0,0,0,0,0,0,1
2026-01,Philippines,SM Supermarket/Hypermarket,SM Bonus Fresh Eggs Medium | 12pcs,insufficient information,FALSE,Has no commitment and is not reporting,0,0,0,0,0,0,0,1
2026-01,Philippines,SM Supermarket/Hypermarket,Ocampo Fresh Eggs Medium | 12pcs,insufficient information,FALSE,Has no commitment and is not reporting,0,0,0,0,0,0,0,1
2026-01,Philippines,SM Supermarket/Hypermarket,SM Bonus Fresh Eggs Medium | 12pcs,insufficient information,FALSE,Has no commitment and is not reporting,0,0,0,0,0,0,0,1
2026-01,Philippines,SM Supermarket/Hypermarket,SM Bonus Eggs Medium (F) | 12pcs,insufficient information,FALSE,Has no commitment and is not reporting,0,0,0,0,0,0,0,1
2026-01,Philippines,SM Supermarket/Hypermarket,Gango Eggs Medium | 12pcs,insufficient information,FALSE,Has no commitment and is not reporting,0,0,0,0,0,0,0,1
2026-01,Philippines,SM Supermarket/Hypermarket,Jewm Eggs Medium | 12pcs,insufficient information,FALSE,Has no commitment and is not reporting,0,0,0,0,0,0,0,1
2026-01,Philippines,SM Supermarket/Hypermarket,SM Bonus Fresh Eggs Large | 6pcs,insufficient information,FALSE,Has no commitment and is not reporting,0,0,0,0,0,0,0,1
2026-01,Philippines,SM Supermarket/Hypermarket,SM Bonus Fresh Eggs Medium (GG) |12pcs,insufficient information,FALSE,Has no commitment and is not reporting,0,0,0,0,0,0,0,1
2026-01,Philippines,SM Supermarket/Hypermarket,SM Bonus Fresh Eggs | 12pcs,insufficient information,FALSE,Has no commitment and is not reporting,0,0,0,0,0,0,0,1
2026-01,Philippines,SM Supermarket/Hypermarket,Addy's Quail Eggs | 24pcs,insufficient information,FALSE,Has no commitment and is not reporting,0,0,0,0,0,0,0,1
2026-01,Philippines,SM Supermarket/Hypermarket,CLDA Quail Eggs | 24pcs,insufficient information,FALSE,Has no commitment and is not reporting,0,0,0,0,0,0,0,1
2026-01,Philippines,SM Supermarket/Hypermarket,CLDA Salted Eggs | 4pcs,insufficient information,FALSE,Has no commitment and is not reporting,0,0,0,0,0,0,0,1
2026-01,Philippines,SM Supermarket/Hypermarket,SM Bonus Salted Eggs | 4pcs,insufficient information,FALSE,Has no commitment and is not reporting,0,0,0,0,0,0,0,1
2026-01,Philippines,SM Supermarket/Hypermarket,SM Bonus Quail Eggs | 24pcs,insufficient information,FALSE,Has no commitment and is not reporting,0,0,0,0,0,0,0,1
2026-01,Philippines,SM Supermarket/Hypermarket,SM Bonus Fresh Eggs Large | 12pcs,insufficient information,FALSE,Has no commitment and is not reporting,0,0,0,0,0,0,0,1
2026-01,Philippines,SM Supermarket/Hypermarket,SM Bonus Fresh Eggs | 12pcs,insufficient information,FALSE,Has no commitment and is not reporting,0,0,0,0,0,0,0,1
2026-01,Philippines,SM Supermarket/Hypermarket,EJJ Fresh Large Eggs | 12pcs,insufficient information,FALSE,Has no commitment and is not reporting,0,0,0,0,0,0,0,1
2026-01,Philippines,SM Supermarket/Hypermarket,Addy's Salted Eggs Large | 4pcs,insufficient information,FALSE,Has no commitment and is not reporting,0,0,0,0,0,0,0,1
2026-01,Philippines,SM Supermarket/Hypermarket,Bounty Farms Eggs Brown | 10pcs,insufficient information,FALSE,Has no commitment and is not reporting,0,0,0,0,0,0,0,1
2026-01,Philippines,SM Supermarket/Hypermarket,Bounty Farms Eggs Enriched Vit. E | 10pcs,insufficient information,FALSE,Has no commitment and is not reporting,0,0,0,0,0,0,0,1
2026-01,Philippines,SM Supermarket/Hypermarket,Bounty Farms Eggs Organic Enriched Selenium | 10pcs,organic,FALSE,Has no commitment and is not reporting,1,0,0,0,1,0,0,0
2026-01,Philippines,SM Supermarket/Hypermarket,Kearneys Fresh Egg Medium | 30pcs,insufficient information,FALSE,Has no commitment and is not reporting,0,0,0,0,0,0,0,1
2026-01,Philippines,SM Supermarket/Hypermarket,SM Bonus Brown Eggs | 12pcs,insufficient information,FALSE,Has no commitment and is not reporting,0,0,0,0,0,0,0,1
2026-01,Philippines,SM Supermarket/Hypermarket,SM Bonus Quail Eggs | 24pcs,insufficient information,FALSE,Has no commitment and is not reporting,0,0,0,0,0,0,0,1
2026-01,South Africa,Pick n Pay,PnP Large Eggs 30 Pack,insufficient information,FALSE,Has no commitment and is not reporting,0,0,0,0,0,0,0,1
2026-01,South Africa,Pick n Pay,Humpty Dumpty Large Eggs 30 Pack,insufficient information,FALSE,Has no commitment and is not reporting,0,0,0,0,0,0,0,1
2026-01,South Africa,Pick n Pay,PnP Large Eggs 6 Pack,insufficient information,FALSE,Has no commitment and is not reporting,0,0,0,0,0,0,0,1
2026-01,South Africa,Pick n Pay,PnP Extra Large Eggs 30 Pack,insufficient information,FALSE,Has no commitment and is not reporting,0,0,0,0,0,0,0,1
2026-01,South Africa,Pick n Pay,PnP Large Eggs 18 Pack,insufficient information,FALSE,Has no commitment and is not reporting,0,0,0,0,0,0,0,1
2026-01,South Africa,Pick n Pay,PnP Live Well Free Range Large Canola Eggs 18 Pack,free-range,FALSE,Has no commitment and is not reporting,1,0,0,1,0,0,0,0
2026-01,South Africa,Pick n Pay,PnP Live Well Large All Grain Eggs 24 Pack,insufficient information,FALSE,Has no commitment and is not reporting,0,0,0,0,0,0,0,1
2026-01,South Africa,Pick n Pay,Humpty Dumpty Extra Large Eggs 30 Pack,insufficient information,FALSE,Has no commitment and is not reporting,0,0,0,0,0,0,0,1
2026-01,South Africa,Pick n Pay,PnP Extra Large Eggs 6 Pack,insufficient information,FALSE,Has no commitment and is not reporting,0,0,0,0,0,0,0,1
2026-01,South Africa,Pick n Pay,PnP Live Well Free Range Large Eggs 18 Pack,free-range,FALSE,Has no commitment and is not reporting,1,0,0,1,0,0,0,0
2026-01,South Africa,Pick n Pay,PnP Jumbo Eggs 6 Pack,insufficient information,FALSE,Has no commitment and is not reporting,0,0,0,0,0,0,0,1
2026-01,South Africa,Pick n Pay,PnP Jumbo Eggs 18 Pack,insufficient information,FALSE,Has no commitment and is not reporting,0,0,0,0,0,0,0,1
2026-01,South Africa,Pick n Pay,PnP Live Well Free Range Jumbo Eggs 18 Pack,free-range,FALSE,Has no commitment and is not reporting,1,0,0,1,0,0,0,0
2026-01,South Africa,Pick n Pay,PnP Live Well Free Range Large Eggs 6 Pack,free-range,FALSE,Has no commitment and is not reporting,1,0,0,1,0,0,0,0
2026-01,South Africa,Pick n Pay,PnP Live Well Large All Grain Eggs 18 Pack,insufficient information,FALSE,Has no commitment and is not reporting,0,0,0,0,0,0,0,1
2026-01,South Africa,Pick n Pay,PnP Live Well Free Range Jumbo Eggs 6 Pack,free-range,FALSE,Has no commitment and is not reporting,1,0,0,1,0,0,0,0
2026-01,South Africa,Pick n Pay,PnP Live Well Extra Large All Grain Eggs 6 Pack,insufficient information,FALSE,Has no commitment and is not reporting,0,0,0,0,0,0,0,1
2026-01,South Africa,Pick n Pay,PnP Live Well Free Range Extra Large Eggs 18 Pack,free-range,FALSE,Has no commitment and is not reporting,1,0,0,1,0,0,0,0
2026-01,South Africa,Pick n Pay,Eggs for Africa Medium Eggs 18 Pack,insufficient information,FALSE,Has no commitment and is not reporting,0,0,0,0,0,0,0,1
2026-01,South Africa,Pick n Pay,PnP All Grain Extra Large Eggs 18 Pack,insufficient information,FALSE,Has no commitment and is not reporting,0,0,0,0,0,0,0,1
2026-01,South Africa,Pick n Pay,Humpty Dumpty Jumbo Eggs 24 Pack,insufficient information,FALSE,Has no commitment and is not reporting,0,0,0,0,0,0,0,1
2026-01,South Africa,Pick n Pay,PnP Live Well Extra Large Free Range Eggs 6 Pack,free-range,FALSE,Has no commitment and is not reporting,1,0,0,1,0,0,0,0
2026-01,South Africa,Pick n Pay,Eggs for Africa Medium Eggs 6 Pack,insufficient information,FALSE,Has no commitment and is not reporting,0,0,0,0,0,0,0,1
2026-01,South Africa,Pick n Pay,Humpty Dumpty Extra Large Eggs 18 Pack,insufficient information,FALSE,Has no commitment and is not reporting,0,0,0,0,0,0,0,1
2026-01,South Africa,Pick n Pay,PnP White All Grain Eggs 6 Pack,insufficient information,FALSE,Has no commitment and is not reporting,0,0,0,0,0,0,0,1
2026-01,South Africa,Pick n Pay,James Free Range Medium Eggs 6 Pack,free-range,FALSE,Has no commitment and is not reporting,1,0,0,1,0,0,0,0
2026-01,South Africa,Pick n Pay,PnP All Grain Large Eggs 6s,insufficient information,FALSE,Has no commitment and is not reporting,0,0,0,0,0,0,0,1
2026-01,South Africa,Pick n Pay,Humpty Dumpty Jumbo Eggs 6 Pack,insufficient information,FALSE,Has no commitment and is not reporting,0,0,0,0,0,0,0,1
2026-01,South Africa,Pick n Pay,Humpty Dumpty Extra Large Eggs 6 Pack,insufficient information,FALSE,Has no commitment and is not reporting,0,0,0,0,0,0,0,1
2026-01,South Africa,Pick n Pay,PnP White All Grain Eggs 18 Pack,insufficient information,FALSE,Has no commitment and is not reporting,0,0,0,0,0,0,0,1
2026-01,South Africa,Pick n Pay,Windmeul Super Jumbo Eggs 6 Pack,insufficient information,FALSE,Has no commitment and is not reporting,0,0,0,0,0,0,0,1
2026-01,South Africa,Pick n Pay,James Free Ranger Extra Large Free Range Eggs 30 Pack,free-range,FALSE,Has no commitment and is not reporting,1,0,0,1,0,0,0,0
2026-01,South Africa,Pick n Pay,Humpty Dumpty Large Eggs 6 Pack,insufficient information,FALSE,Has no commitment and is not reporting,0,0,0,0,0,0,0,1
2026-01,South Africa,Pick n Pay,James Freeranger XL Free Range Eggs 6 Pack,free-range,FALSE,Has no commitment and is not reporting,1,0,0,1,0,0,0,0
2026-01,South Africa,Pick n Pay,Nulaid Large Eggs Carry Pack 48 Pack,insufficient information,FALSE,Has no commitment and is not reporting,0,0,0,0,0,0,0,1
2026-01,South Africa,Shoprite Group,Nulaid Large Eggs 18 Pack,insufficient information,FALSE,Has no commitment and is not reporting,0,0,0,0,0,0,0,1
2026-01,South Africa,Shoprite Group,Ritebrand Large Eggs 18 Pack,insufficient information,FALSE,Has no commitment and is not reporting,0,0,0,0,0,0,0,1
2026-01,South Africa,Shoprite Group,Nulaid Large Eggs 6 x >51g,insufficient information,FALSE,Has no commitment and is not reporting,0,0,0,0,0,0,0,1
2026-01,South Africa,Shoprite Group,Golden Yolk Large Eggs 18 Pack,insufficient information,FALSE,Has no commitment and is not reporting,0,0,0,0,0,0,0,1
2026-01,South Africa,Shoprite Group,Golden Yolk Medium Eggs 18 Pack,insufficient information,FALSE,Has no commitment and is not reporting,0,0,0,0,0,0,0,1
2026-01,South Africa,Shoprite Group,Golden Yolk Large Eggs 60 Pack,insufficient information,FALSE,Has no commitment and is not reporting,0,0,0,0,0,0,0,1
2026-01,South Africa,Shoprite Group,Golden Yolk Extra Large Eggs Tray 30 Pack,insufficient information,FALSE,Has no commitment and is not reporting,0,0,0,0,0,0,0,1
2026-01,South Africa,Shoprite Group,Nulaid Grade 1 Large Eggs 30 x >51g,insufficient information,FALSE,Has no commitment and is not reporting,0,0,0,0,0,0,0,1
2026-01,Spain,Alcampo,PAZO DE VILANE Huevos de gallinas camperas clase M y cat. A 12 uds.,free-range,FALSE,Has commitment and is reporting,1,0,0,1,0,0,0,0
2026-01,Spain,Alcampo,AUCHAN Huevos de gallinas sueltas en el gallinero clase M y cat. A 30 uds. Producto Alcampo,cage-free not identified,FALSE,Has commitment and is reporting,1,0,0,0,0,1,0,0
2026-01,Spain,Alcampo,AUCHAN Huevos de gallinas sueltas en el gallinero clase L y cat. A 12 uds. Producto Alcampo,barn,FALSE,Has commitment and is reporting,1,1,0,0,0,0,0,0
2026-01,Spain,Alcampo,DAGU Huevos de gallinas en jaulas acondicionadas clase M y cat. A 30 uds.,cage,FALSE,Has commitment and is reporting,0,0,0,0,0,0,1,0
2026-01,Spain,Alcampo,OLÉ Huevos de gallinas camperas clase M / L y cat. A 12 uds.,free-range,FALSE,Has commitment and is reporting,1,0,0,1,0,0,0,0
2026-01,Spain,Alcampo,Huevo hilado sin azúcar elaborado con un 90% de yema SANTA TERESA 100 g.,insufficient information,FALSE,Has commitment and is reporting,0,0,0,0,0,0,0,1
2026-01,Spain,Alcampo,SOL NATURAL Sustituto vegetal ecológico del huevo (en polvo) 350 g.,organic,FALSE,Has commitment and is reporting,1,0,0,0,1,0,0,0
2026-01,Spain,Alcampo,"SANTA TERESA Huevo hilado trufado, elaborado con yemas frescas seleccionadas SANTA TERESA 100 g.",insufficient information,FALSE,Has commitment and is reporting,0,0,0,0,0,0,0,1
2026-01,Spain,Alcampo,PITAS Huevos de gallinas en jaulas acondicionadas clase M 12 Unidades,cage,FALSE,Has commitment and is reporting,0,0,0,0,0,0,1,0
2026-01,Spain,Alcampo,DAGU Huevos de gallinas en jaulas acondicionadas frescos clase XL y cat. A 10 uds.,cage,FALSE,Has commitment and is reporting,0,0,0,0,0,0,1,0
2026-01,Spain,Alcampo,FINCA CYDONIA Huevo hilado 100 g.,insufficient information,FALSE,Has commitment and is reporting,0,0,0,0,0,0,0,1
2026-01,Spain,Alcampo,AUCHAN Huevos de gallinas sueltas en el gallinero clase L y cat. A 12 uds. Producto Alcampo,barn,FALSE,Has commitment and is reporting,1,1,0,0,0,0,0,0
2026-01,Spain,Alcampo,OLÉ Huevos de gallinas camperas clase M / L y cat. A 6 uds,free-range,FALSE,Has commitment and is reporting,1,0,0,1,0,0,0,0
2026-01,Spain,Carrefour,Huevos Frescos Carrefour El Mercado 12 ud.,insufficient information,FALSE,Has commitment and is reporting,0,0,0,0,0,0,0,1
2026-01,Spain,Carrefour,Huevos Frescos Carrefour El Mercado 24 ud.,insufficient information,FALSE,Has commitment and is reporting,0,0,0,0,0,0,0,1
2026-01,Spain,Carrefour,Huevos Camperos Círculo de Calidad 6 ud,free-range,FALSE,Has commitment and is reporting,1,0,0,1,0,0,0,0
2026-01,Spain,Carrefour,Huevos Camperos Círculo de Calidad 12 ud.,free-range,FALSE,Has commitment and is reporting,1,0,0,1,0,0,0,0
2026-01,Spain,Carrefour,Huevos Ecológicos Carrefour Bio 10 ud.,organic,FALSE,Has commitment and is reporting,1,0,0,0,1,0,0,0
2026-01,Spain,Carrefour,Huevos Frescos Carrefour El Mercado 12 ud.,insufficient information,FALSE,Has commitment and is reporting,0,0,0,0,0,0,0,1
2026-01,Spain,Carrefour,Huevos de gallinas criadas en suelo Carrefour El Mercado 6 ud.,barn,FALSE,Has commitment and is reporting,1,1,0,0,0,0,0,0
2026-01,Spain,Carrefour,Huevos L-M camperos Granja Villarreal 12 ud,free-range,FALSE,Has commitment and is reporting,1,0,0,1,0,0,0,0
2026-01,Spain,Carrefour,Huevos L-M camperos Granjas Villarreal 6 ud,free-range,FALSE,Has commitment and is reporting,1,0,0,1,0,0,0,0
2026-01,Spain,Consum Coop,Huevos M Medianos Docena 1 Dc,insufficient information,FALSE,Has commitment and is reporting,0,0,0,0,0,0,0,1
2026-01,Spain,Consum Coop,Huevos L Grandes Docena 1 Dc,insufficient information,FALSE,Has commitment and is reporting,0,0,0,0,0,0,0,1
2026-01,Spain,Consum Coop,"Huevos L Grandes 1/2 Docena 0,5 Dc",insufficient information,FALSE,Has commitment and is reporting,0,0,0,0,0,0,0,1
2026-01,Spain,Consum Coop,"Huevos Camperos M 1/2 Docena 0,5 Dc",free-range,FALSE,Has commitment and is reporting,1,0,0,1,0,0,0,0
2026-01,Spain,Consum Coop,"Huevo Campero L 1/2 Docena 0,5 Dc",free-range,FALSE,Has commitment and is reporting,1,0,0,1,0,0,0,0
2026-01,Spain,Consum Coop,"Huevo XL Jumbo 1/2 Docena 0,5 Dc",insufficient information,FALSE,Has commitment and is reporting,0,0,0,0,0,0,0,1
2026-01,Spain,Consum Coop,"Huevo Codorniz Cartón 18 Unidades 1,5 Dc",insufficient information,FALSE,Has commitment and is reporting,0,0,0,0,0,0,0,1
2026-01,Spain,Consum Coop,"Huevo Campero XL 1/2 Docena 0,5 Dc",free-range,FALSE,Has commitment and is reporting,1,0,0,1,0,0,0,0
2026-01,Spain,Consum Coop,"Huevo Campero M Decena 0,83 Dc",free-range,FALSE,Has commitment and is reporting,1,0,0,1,0,0,0,0
2026-01,Spain,Consum Coop,"Huevo Campero L Decena 0,83 Dc",free-range,FALSE,Has commitment and is reporting,1,0,0,1,0,0,0,0
2026-01,Spain,Consum Coop,"Huevo Ecológico L-XL 1/2 Docena 0,5 Dc",organic,FALSE,Has commitment and is reporting,1,0,0,0,1,0,0,0
2026-01,Spain,Consum Coop,Huevos S/M Medianos 24 Unidades 2 Dc,insufficient information,FALSE,Has commitment and is reporting,0,0,0,0,0,0,0,1
2026-01,Spain,Consum Coop,Huevo L/XL Docena 1 Dc,insufficient information,FALSE,Has commitment and is reporting,0,0,0,0,0,0,0,1
2026-01,Spain,Consum Coop,"Huevo Ecológico Decena Diferentes Calibres 0,83 Dc",organic,FALSE,Has commitment and is reporting,1,0,0,0,1,0,0,0
2026-01,Spain,Grupo Dia,Huevos frescos categoría A clase L Dia 18 unidades,insufficient information,FALSE,Has commitment and is reporting,0,0,0,0,0,0,0,1
2026-01,Spain,Grupo Dia,Huevos grandes L de gallinas criadas en suelo Dia 12 unidades,barn,FALSE,Has commitment and is reporting,1,1,0,0,0,0,0,0
2026-01,Spain,Grupo Dia,Huevos extragrandes L/XL de gallinas criadas en suelo Dia 6 unidades,barn,FALSE,Has commitment and is reporting,1,1,0,0,0,0,0,0
2026-01,Spain,Grupo Dia,Huevos medianos M Dia 24 unidades,cage,FALSE,Has commitment and is reporting,0,0,0,0,0,0,1,0
2026-01,Spain,Grupo Dia,Huevos medianos M de gallinas criadas en suelo Dia 12 unidades,barn,FALSE,Has commitment and is reporting,1,1,0,0,0,0,0,0
2026-01,Spain,Grupo Dia,Huevos camperos medianos/grandes M/L Dia 10 unidades,free-range,FALSE,Has commitment and is reporting,1,0,0,1,0,0,0,0
2026-01,Spain,Grupo Dia,Huevos medianos/grandes M/L de gallinas criadas en el suelo Dia 12 unidades,barn,FALSE,Has commitment and is reporting,1,1,0,0,0,0,0,0
2026-01,Spain,Grupo Dia,Huevos ecológicos grandes/medianos M/L Dia 6 unidades,organic,FALSE,Has commitment and is reporting,1,0,0,0,1,0,0,0
2026-01,Spain,Grupo Dia,Huevos medianos/grandes M/L maíz Grupo de lucas caja 12 unidades,insufficient information,FALSE,Has commitment and is reporting,0,0,0,0,0,0,0,1
2026-01,Spain,Grupo Dia,Huevos camperos Pazo de Vilane caja 12 unidades,free-range,FALSE,Has commitment and is reporting,1,0,0,1,0,0,0,0
2026-01,Spain,Grupo Dia,Claras de huevo pasteurizadas Ovonatur botella 500 ml,insufficient information,FALSE,Has commitment and is reporting,0,0,0,0,0,0,0,1
2026-01,Spain,Grupo Eroski,"Huevo fresco M EUSKALOVO, caja 10 docenas",insufficient information,FALSE,Has commitment but is not reporting,0,0,0,0,0,0,0,1
2026-01,Spain,Grupo Eroski,"Huevo M suelo HOBEA, cartón 12 uds.",barn,FALSE,Has commitment but is not reporting,1,1,0,0,0,0,0,0
2026-01,Spain,Grupo Eroski,"Huevo cocido de codorníz HOBEA, frasco 18 uds",insufficient information,FALSE,Has commitment but is not reporting,0,0,0,0,0,0,0,1
2026-01,Spain,Grupo Eroski,"Clara líquida pasteurizada PASCUAL, botella 1 litro",insufficient information,FALSE,Has commitment but is not reporting,0,0,0,0,0,0,0,1
2026-01,Spain,Mercadona,Huevos,insufficient information,FALSE,Has commitment but is not reporting,0,0,0,0,0,0,0,1
2026-01,Spain,Mercadona,Huevos super grandes XL,insufficient information,FALSE,Has commitment but is not reporting,0,0,0,0,0,0,0,1
2026-01,Spain,Mercadona,Huevos grandes L,insufficient information,FALSE,Has commitment but is not reporting,0,0,0,0,0,0,0,1
2026-01,Spain,Mercadona,Huevos grandes L,insufficient information,FALSE,Has commitment but is not reporting,0,0,0,0,0,0,0,1
2026-01,Spain,Mercadona,Huevos medianos M,insufficient information,FALSE,Has commitment but is not reporting,0,0,0,0,0,0,0,1
2026-01,Spain,Mercadona,Huevos de gallinas camperas,free-range,FALSE,Has commitment but is not reporting,1,0,0,1,0,0,0,0
2026-01,Spain,Mercadona,Huevos de gallinas camperas,free-range,FALSE,Has commitment but is not reporting,1,0,0,1,0,0,0,0
2026-01,Spain,Mercadona,Huevos cocidos,insufficient information,FALSE,Has commitment but is not reporting,0,0,0,0,0,0,0,1
2026-01,Spain,Mercadona,Claras de huevo líquidas pasteurizadas,insufficient information,FALSE,Has commitment but is not reporting,0,0,0,0,0,0,0,1
2026-01,Spain,Mercadona,Claras de huevo líquidas pasteurizadas,insufficient information,FALSE,Has commitment but is not reporting,0,0,0,0,0,0,0,1
2026-01,Spain,Mercadona,Huevo hilado,insufficient information,FALSE,Has commitment but is not reporting,0,0,0,0,0,0,0,1
2026-01,Thailand,Lotus,ซีพี ไข่ไก่ เบอร์ 2 แพ็คฝาครอบกระดาษ 30 ฟอง x 5,insufficient information,FALSE,Has commitment and is reporting,0,0,0,0,0,0,0,1
2026-01,Thailand,Lotus,ซีพี ไข่ไก่ เบอร์ 3 แพ็คฝาครอบกระดาษ 30 ฟอง x 5,insufficient information,FALSE,Has commitment and is reporting,0,0,0,0,0,0,0,1
2026-01,Thailand,Lotus,ไข่ไก่ เบอร์ 5 แพ็คฝาครอบ 30 ฟอง,insufficient information,FALSE,Has commitment and is reporting,0,0,0,0,0,0,0,1
2026-01,Thailand,Lotus,อัครา ไข่ไก่ โกลเด้นโยล์ค คละ แพ็ค 10 ฟอง,insufficient information,FALSE,Has commitment and is reporting,0,0,0,0,0,0,0,1
2026-01,Thailand,Lotus,ซีพี ซีเล็กชั่น ไข่ไก่แม่ไก่สาว แพ็ค 10 ฟอง,insufficient information,FALSE,Has commitment and is reporting,0,0,0,0,0,0,0,1
2026-01,Thailand,Lotus,ซีพี ไข่ไก่ ซูเปอร์พลัส ดีเอชเอ แพ็ค 4 ฟอง,insufficient information,FALSE,Has commitment and is reporting,0,0,0,0,0,0,0,1
2026-01,Thailand,Lotus,โลตัส ไข่ไก่อนามัย เบอร์ 3 แพ็ค 10 ฟอง,insufficient information,FALSE,Has commitment and is reporting,0,0,0,0,0,0,0,1
2026-01,Thailand,Lotus,โลตัส ไข่ไก่อนามัย เบอร์ 2 แพ็ค 10 ฟอง,insufficient information,FALSE,Has commitment and is reporting,0,0,0,0,0,0,0,1
2026-01,Thailand,Lotus,โลตัส ไข่ไก่อนามัย ขนาดกลาง (M) 10 ฟอง,insufficient information,FALSE,Has commitment and is reporting,0,0,0,0,0,0,0,1
2026-01,Thailand,Lotus,ซีพี ไข่ไก่ เบอร์ 1 แพ็คฝาครอบ 30 ฟอง,insufficient information,FALSE,Has commitment and is reporting,0,0,0,0,0,0,0,1
2026-01,Thailand,Lotus,ยูฟาร์ม ไข่ไก่เบญจา โอเมก้า แพ็ค 10 ฟอง,insufficient information,FALSE,Has commitment and is reporting,0,0,0,0,0,0,0,1
2026-01,Thailand,Lotus,อัครา ไข่ไก่อนามัย ขนาดใหญ่ (L) 15 ฟอง,insufficient information,FALSE,Has commitment and is reporting,0,0,0,0,0,0,0,1
2026-01,Thailand,Lotus,อัครา ไข่ไก่สด เบอร์ 0 แพ็ค 10 ฟอง,insufficient information,FALSE,Has commitment and is reporting,0,0,0,0,0,0,0,1
2026-01,Thailand,Lotus,เคซีเอฟ ไข่ไก่อนามัย จัมโบ้ 10 ฟอง,insufficient information,FALSE,Has commitment and is reporting,0,0,0,0,0,0,0,1
2026-01,Thailand,Lotus,เบทาโกร ไข่ไก่ แม่ไก่สาว แพ็ค 10 ฟอง,insufficient information,FALSE,Has commitment and is reporting,0,0,0,0,0,0,0,1
2026-01,Thailand,Lotus,เบทาโกร ไข่ไก่ ไวต้า เอ เบรน แพ็ค 10 ฟอง,insufficient information,FALSE,Has commitment and is reporting,0,0,0,0,0,0,0,1
2026-01,Thailand,Lotus,เอ็นแอนด์พี ไข่ไก่ออร์แกนิค แม่ไก่สาว แพ็ค 10 ฟอง,organic,FALSE,Has commitment and is reporting,1,0,0,0,1,0,0,0
2026-01,Thailand,Lotus,โลตัส ไข่ไก่อนามัย ขนาดใหญ่ (L) 10 ฟอง,insufficient information,FALSE,Has commitment and is reporting,0,0,0,0,0,0,0,1
2026-01,Thailand,Lotus,ซีพี ไข่ไก่ เบอร์ 2 แพ็คฝาครอบ 30 ฟอง,insufficient information,FALSE,Has commitment and is reporting,0,0,0,0,0,0,0,1
2026-01,Thailand,Lotus,อัครา ไข่ไก่ฟรีเร้นท์ เอคโคโลยี แพ็ค 10 ฟอง,free-range,FALSE,Has commitment and is reporting,1,0,0,1,0,0,0,0
2026-01,Thailand,Lotus,โลตัส ไข่ไก่อนามัย ขนาดกลาง (M) 30 ฟอง,insufficient information,FALSE,Has commitment and is reporting,0,0,0,0,0,0,0,1
2026-01,Thailand,Lotus,ซีพี ซีเล็คชั่น ไข่ไก่เคจฟรี แพ็ค 10 ฟอง,cage-free not identified,FALSE,Has commitment and is reporting,1,0,0,0,0,1,0,0
2026-01,Thailand,Lotus,เบทาโกร ไข่ไก่ ขนาด M แพ็ค 30 ฟอง,insufficient information,FALSE,Has commitment and is reporting,0,0,0,0,0,0,0,1
2026-01,Thailand,Lotus,ซีพี ซีเล็คชั่น ไข่ไก่แช่เย็น 10 ฟอง,insufficient information,FALSE,Has commitment and is reporting,0,0,0,0,0,0,0,1
2026-01,Thailand,Lotus,โมริทามะ ไข่ไก่ แพ็ค 6 ฟอง,insufficient information,FALSE,Has commitment and is reporting,0,0,0,0,0,0,0,1
2026-01,Thailand,Lotus,ซุปเปอร์เอ้กซ์ ไข่ไก่ ขนาด M แพ็ค 30 ฟอง,insufficient information,FALSE,Has commitment and is reporting,0,0,0,0,0,0,0,1
2026-01,Thailand,Lotus,ซุปเปอร์เอ้กซ์ ไข่ไก่ ขนาด L แพ็ค 10 ฟอง,insufficient information,FALSE,Has commitment and is reporting,0,0,0,0,0,0,0,1
2026-01,Thailand,Lotus,เอสเพียว ไข่ไก่ แพ็ค 10 ฟอง,insufficient information,FALSE,Has commitment and is reporting,0,0,0,0,0,0,0,1
2026-01,Thailand,Lotus,เอ็นแอนด์พี ไข่ไก่ออร์แกนิค แพ็ค 6 ฟอง,organic,FALSE,Has commitment and is reporting,1,0,0,0,1,0,0,0
2026-01,Thailand,Lotus,ฮิลไทรบ์ ไข่ไก่ออร์แกนิค แพ็ค 6 ฟอง,organic,FALSE,Has commitment and is reporting,1,0,0,0,1,0,0,0
2026-01,Thailand,Lotus,อัครา ทามะ ไข่ไก่สด คละขนาด แพ็ค 10 ฟอง,insufficient information,FALSE,Has commitment and is reporting,0,0,0,0,0,0,0,1
2026-01,Thailand,Lotus,ฮิลไทรบ์ ไข่ไก่ออร์แกนิค เบอร์ 1 แพ็ค 6 ฟอง,organic,FALSE,Has commitment and is reporting,1,0,0,0,1,0,0,0
2026-01,Thailand,Lotus,โลตัส ไข่ไก่ เบอร์ 4 แพ็คฝาครอบ 30 ฟอง,insufficient information,FALSE,Has commitment and is reporting,0,0,0,0,0,0,0,1
2026-01,Thailand,Lotus,โลตัส ไข่ไก่ เบอร์ 1 แพ็คฝาครอบ 30 ฟอง,insufficient information,FALSE,Has commitment and is reporting,0,0,0,0,0,0,0,1
2026-01,Thailand,Lotus,อัครา ไข่ไก่แฝด,insufficient information,FALSE,Has commitment and is reporting,0,0,0,0,0,0,0,1
2026-01,Thailand,Lotus,ซีพี ไข่ไก่วิตามินอี แพ็ค 10 ฟอง,insufficient information,FALSE,Has commitment and is reporting,0,0,0,0,0,0,0,1
2026-01,Thailand,Lotus,โลตัส ไข่ไก่อนามัย ขนาดใหญ่ (L) 30 ฟอง,insufficient information,FALSE,Has commitment and is reporting,0,0,0,0,0,0,0,1
2026-01,Thailand,Lotus,โลตัส ไข่ไก่ เคจฟรี ขนาดกลาง (M) แพ็ค 10 ฟอง,cage-free not identified,FALSE,Has commitment and is reporting,1,0,0,0,0,1,0,0
2026-01,Thailand,Lotus,โลตัส ไข่ไก่ออร์แกนิค แพ็ค 6 ฟอง,organic,FALSE,Has commitment and is reporting,1,0,0,0,1,0,0,0
2026-01,Thailand,Lotus,อัครา ไข่ไก่เวจจี้ เอคโคโลยี แพ็ค 10 ฟอง,insufficient information,FALSE,Has commitment and is reporting,0,0,0,0,0,0,0,1
2026-01,Thailand,Lotus,ซีพี ซีเล็คชั่น ไข่ไก่ เบอร์ 3 แพ็ค 10 ฟอง,insufficient information,FALSE,Has commitment and is reporting,0,0,0,0,0,0,0,1
2026-01,Thailand,Lotus,เบทาโกร ไข่ไก่ ไวต้า เอ บิ้วตี้ แพ็ค 10 ฟอง,insufficient information,FALSE,Has commitment and is reporting,0,0,0,0,0,0,0,1
2026-01,Thailand,Lotus,โมริทามะ ไข่ไก่ แพ็ค 10 ฟอง,insufficient information,FALSE,Has commitment and is reporting,0,0,0,0,0,0,0,1
2026-01,Thailand,Lotus,ซุปเปอร์เอ้กซ์ ไข่ไก่ ขนาด L แพ็ค 30 ฟอง,insufficient information,FALSE,Has commitment and is reporting,0,0,0,0,0,0,0,1
2026-01,Thailand,Lotus,อัครา ไข่ไก่ เคจฟรี แพ็ค 10 ฟอง,cage-free not identified,FALSE,Has commitment and is reporting,1,0,0,0,0,1,0,0
2026-01,Thailand,Lotus,ยูฟาร์ม ไข่ไก่ เคจฟรี แพ็ค 10 ฟอง,cage-free not identified,FALSE,Has commitment and is reporting,1,0,0,0,0,1,0,0
2026-01,Thailand,Lotus,เอ็นแอนด์พี ไข่ไก่ออร์แกนิค แพ็ค 10 ฟอง,organic,FALSE,Has commitment and is reporting,1,0,0,0,1,0,0,0
2026-01,Thailand,Lotus,ซีพี ยูฟาร์ม ไข่ไก่โอชา แพ็ค 10 ฟอง,barn,FALSE,Has commitment and is reporting,1,1,0,0,0,0,0,0
2026-01,Thailand,Lotus,อัครา ไข่ไก่สด เบอร์ 2 แพ็ค 6 ฟอง,insufficient information,FALSE,Has commitment and is reporting,0,0,0,0,0,0,0,1
2026-01,Thailand,Lotus,ซีพี ไข่ไก่ เบอร์ 2 แพ็คฝาครอบ 15 ฟอง,insufficient information,FALSE,Has commitment and is reporting,0,0,0,0,0,0,0,1
2026-01,Thailand,Lotus,โลตัส ไข่ไก่ เบอร์ 0 แพ็คฝาครอบ 30 ฟอง,insufficient information,FALSE,Has commitment and is reporting,0,0,0,0,0,0,0,1
2026-01,Thailand,Lotus,อัครา ไข่ไก่ ซุปเปอร์จัมโบ้,insufficient information,FALSE,Has commitment and is reporting,0,0,0,0,0,0,0,1
2026-01,Thailand,Lotus,อัครา ไข่ไก่สด เบอร์ 2 แพ็ค 30 ฟอง,insufficient information,FALSE,Has commitment and is reporting,0,0,0,0,0,0,0,1
2026-01,Thailand,Lotus,เบทาโกร ไข่ไก่เบอร์ 2 แพ็ค 10 ฟอง,insufficient information,FALSE,Has commitment and is reporting,0,0,0,0,0,0,0,1
2026-01,Thailand,Lotus,โลตัส ไข่ไก่อนามัย ขนาดกลาง (M) 10 ฟอง,insufficient information,FALSE,Has commitment and is reporting,0,0,0,0,0,0,0,1
2026-01,Thailand,Lotus,ซุปเปอร์เอ้กซ์ ไข่ไก่ ขนาด M แพ็ค 10 ฟอง,insufficient information,FALSE,Has commitment and is reporting,0,0,0,0,0,0,0,1
2026-01,Thailand,Lotus,ซีพี ซีเล็คชั่น ไข่ไก่ เบอร์ 2 แพ็ค 10 ฟอง,insufficient information,FALSE,Has commitment and is reporting,0,0,0,0,0,0,0,1
2026-01,Thailand,Lotus,อัครา ไข่ไก่ โอเมก้า 3 และ วิตามินอี แพ็ค 10 ฟอง,insufficient information,FALSE,Has commitment and is reporting,0,0,0,0,0,0,0,1
2026-01,Thailand,Lotus,บีอินดี้คันทรีฟาร์ม ไข่ไก่ปลอดสาร เคจฟรี 10 ฟอง,cage-free not identified,FALSE,Has commitment and is reporting,1,0,0,0,0,1,0,0
2026-01,Thailand,Lotus,ซีพี ไข่ไก่สด เบอร์ 0 แพ็คฝาครอบ 30 ฟอง,insufficient information,FALSE,Has commitment and is reporting,0,0,0,0,0,0,0,1
2026-01,Thailand,Lotus,เบทาโกร ไข่ไก่ แม่ไก่สาว แพ็ค 30 ฟอง,insufficient information,FALSE,Has commitment and is reporting,0,0,0,0,0,0,0,1
2026-01,Thailand,Lotus,โลตัส ไข่ไก่ เบอร์ 3 แพ็คฝาครอบ 30 ฟอง,insufficient information,FALSE,Has commitment and is reporting,0,0,0,0,0,0,0,1
2026-01,Thailand,Lotus,อัครา ไข่ไก่สด เบอร์ 2 แพ็ค 10 ฟอง,insufficient information,FALSE,Has commitment and is reporting,0,0,0,0,0,0,0,1
2026-01,Thailand,Lotus,โลตัส ไข่ไก่ออร์แกนิค แพ็ค 10 ฟอง,organic,FALSE,Has commitment and is reporting,1,0,0,0,1,0,0,0
2026-01,Thailand,Lotus,เคซีเอฟ ไข่ไก่อนามัย ขนาดใหญ่ (L) 10 ฟอง,insufficient information,FALSE,Has commitment and is reporting,0,0,0,0,0,0,0,1
2026-01,Thailand,Lotus,ซีพี ไข่ไก่ดีเอชเอ 10 ฟอง,insufficient information,FALSE,Has commitment and is reporting,0,0,0,0,0,0,0,1
2026-01,Thailand,Lotus,ซีพี ซีเล็คชั่น ไข่ไก่ เบอร์ 1 แพ็ค 4 ฟอง,insufficient information,FALSE,Has commitment and is reporting,0,0,0,0,0,0,0,1
2026-01,Thailand,Lotus,เบทาโกร ไข่ไก่เบอร์ 2 แพ็ค 30 ฟอง,insufficient information,FALSE,Has commitment and is reporting,0,0,0,0,0,0,0,1
2026-01,Thailand,Lotus,โลตัส ไข่ไก่ เคจฟรี ขนาดใหญ่(L) แพ็ค 10 ฟอง,cage-free not identified,FALSE,Has commitment and is reporting,1,0,0,0,0,1,0,0
2026-01,Thailand,Lotus,ซีพี ซีเล็คชั่น ไข่ไก่ เบอร์ 0 แพ็ค 10 ฟอง,insufficient information,FALSE,Has commitment and is reporting,0,0,0,0,0,0,0,1
2026-01,Thailand,Lotus,ฮิลไทรบ์ ไข่ไก่ออร์แกนิค แพ็ค 10 ฟอง,organic,FALSE,Has commitment and is reporting,1,0,0,0,1,0,0,0
2026-01,Thailand,Lotus,อัครา ไข่ไก่สด เบอร์ 3 แพ็ค 10 ฟอง,insufficient information,FALSE,Has commitment and is reporting,0,0,0,0,0,0,0,1
2026-01,Thailand,Lotus,ซีพี ไข่ไก่ เบอร์ 3 แพ็คฝาครอบ 30 ฟอง,insufficient information,FALSE,Has commitment and is reporting,0,0,0,0,0,0,0,1
2026-01,Thailand,Lotus,เบทาโกร ไข่ไก่ ไวต้า เอ แอคทีฟ แพ็ค 10 ฟอง,insufficient information,FALSE,Has commitment and is reporting,0,0,0,0,0,0,0,1
2026-01,Thailand,Lotus,เบทาโกร ไข่ไก่ เบอร์ 1 แพ็ค 6 ฟอง,insufficient information,FALSE,Has commitment and is reporting,0,0,0,0,0,0,0,1
2026-01,Thailand,Lotus,โลตัส ไข่ไก่ เบอร์ 2 แพ็คฝาครอบ 30 ฟอง,insufficient information,FALSE,Has commitment and is reporting,0,0,0,0,0,0,0,1
2026-01,Thailand,Lotus,ซีพี ซีเล็คชั่น ไข่ไก่ เบอร์ 4 แพ็ค 10 ฟอง,insufficient information,FALSE,Has commitment and is reporting,0,0,0,0,0,0,0,1
2026-01,Thailand,Lotus,ซีพี ไข่ไก่ เบอร์ 4 แพ็คฝาครอบ 30 ฟอง,insufficient information,FALSE,Has commitment and is reporting,0,0,0,0,0,0,0,1
2026-01,Thailand,Lotus,เคซีเอฟ ไข่ไก่ ฟรีเรนจ์ แพ็ค 10 ฟอง,free-range,FALSE,Has commitment and is reporting,1,0,0,1,0,0,0,0
2026-01,Thailand,Lotus,ซีพี ซีเล็คชั่น ไข่ไก่ เบอร์ 1 แพ็ค 10 ฟอง,insufficient information,FALSE,Has commitment and is reporting,0,0,0,0,0,0,0,1
2026-01,Thailand,Lotus,เคซีเอฟ ไข่ไก่อนามัย แม่ไก่สาว (S) 10 ฟอง,insufficient information,FALSE,Has commitment and is reporting,0,0,0,0,0,0,0,1
2026-01,Thailand,Lotus,เบทาโกร ไข่ไก่ เคจฟรี แพ็ค 10 ฟอง,cage-free not identified,FALSE,Has commitment and is reporting,1,0,0,0,0,1,0,0
2026-01,Thailand,Lotus,เคซีเอฟ ไข่ไก่ เบรนพลัส แพ็ค 10 ฟอง,insufficient information,FALSE,Has commitment and is reporting,0,0,0,0,0,0,0,1
2026-01,Thailand,Lotus,โลตัส ไข่ไก่ เบอร์ 5 แพ็คฝาครอบ 30 ฟอง,insufficient information,FALSE,Has commitment and is reporting,0,0,0,0,0,0,0,1
2026-01,Thailand,Lotus,เบทาโกร ไข่ไก่ ยัมมี่ แพ็ค 10 ฟอง,insufficient information,FALSE,Has commitment and is reporting,0,0,0,0,0,0,0,1
2026-01,Thailand,Tops Market (Central Food Retail),My Choice Cage Free Egg Pack 10pcs.,cage-free not identified,FALSE,Has commitment and is reporting,1,0,0,0,0,1,0,0
2026-01,Thailand,Tops Market (Central Food Retail),S Pure Eggs Pack 10pcs.,insufficient information,FALSE,Has commitment and is reporting,0,0,0,0,0,0,0,1
2026-01,Thailand,Tops Market (Central Food Retail),Tops Fresh Hen Eggs No.1 Pack 30pcs.,insufficient information,FALSE,Has commitment and is reporting,0,0,0,0,0,0,0,1
2026-01,Thailand,Tops Market (Central Food Retail),Betagro Egg No.2 Pack 30pcs.,insufficient information,FALSE,Has commitment and is reporting,0,0,0,0,0,0,0,1
2026-01,Thailand,Tops Market (Central Food Retail),Betagro Egg No.1 Pack 30pcs.,insufficient information,FALSE,Has commitment and is reporting,0,0,0,0,0,0,0,1
2026-01,Thailand,Tops Market (Central Food Retail),Oh Egg Fresh Hen Eggs Pack 30pcs.,insufficient information,FALSE,Has commitment and is reporting,0,0,0,0,0,0,0,1
2026-01,Thailand,Tops Market (Central Food Retail),Betagro Egg No.0 Pack 30pcs.,insufficient information,FALSE,Has commitment and is reporting,0,0,0,0,0,0,0,1
2026-01,Thailand,Tops Market (Central Food Retail),Hilltribe Organic Eggs Pack 10pcs.,organic,FALSE,Has commitment and is reporting,1,0,0,0,1,0,0,0
2026-01,Thailand,Tops Market (Central Food Retail),Tops Fresh Hen Eggs No.2 Pack 30pcs.,insufficient information,FALSE,Has commitment and is reporting,0,0,0,0,0,0,0,1
2026-01,Thailand,Tops Market (Central Food Retail),C.P. Egg No.0 Pack 10pcs.,insufficient information,FALSE,Has commitment and is reporting,0,0,0,0,0,0,0,1
2026-01,Thailand,Tops Market (Central Food Retail),S Pure Medium Eggs Pack 10pcs.,insufficient information,FALSE,Has commitment and is reporting,0,0,0,0,0,0,0,1
2026-01,Thailand,Tops Market (Central Food Retail),Betagro Pullet Egg Pack 30pcs.,insufficient information,FALSE,Has commitment and is reporting,0,0,0,0,0,0,0,1
2026-01,Thailand,Tops Market (Central Food Retail),Rai Kamnunjul Organic Eggs Pack 10pcs.,organic,FALSE,Has commitment and is reporting,1,0,0,0,1,0,0,0
2026-01,Thailand,Tops Market (Central Food Retail),Tops Egg No.1 Pack 10pcs.,insufficient information,FALSE,Has commitment and is reporting,0,0,0,0,0,0,0,1
2026-01,Thailand,Tops Market (Central Food Retail),C.P. Egg No.1 Pack 10pcs.,insufficient information,FALSE,Has commitment and is reporting,0,0,0,0,0,0,0,1
2026-01,Thailand,Tops Market (Central Food Retail),Tops Fresh Hen Eggs No.0 Pack 10pcs.,insufficient information,FALSE,Has commitment and is reporting,0,0,0,0,0,0,0,1
2026-01,Thailand,Tops Market (Central Food Retail),S Pure Jumbo Eggs Pack 6pcs.,insufficient information,FALSE,Has commitment and is reporting,0,0,0,0,0,0,0,1
2026-01,Thailand,Tops Market (Central Food Retail),Betagro Cage Free Egg Pack 10pcs.,cage-free not identified,FALSE,Has commitment and is reporting,1,0,0,0,0,1,0,0
2026-01,Thailand,Tops Market (Central Food Retail),U Farm Cage Free Egg Pack 10pcs.,cage-free not identified,FALSE,Has commitment and is reporting,1,0,0,0,0,1,0,0
2026-01,Thailand,Tops Market (Central Food Retail),Betagro Egg No.1 Pack 10pcs.,insufficient information,FALSE,Has commitment and is reporting,0,0,0,0,0,0,0,1
2026-01,Thailand,Tops Market (Central Food Retail),Akara Eggology Organic Eggs Pack 10pcs.,organic,FALSE,Has commitment and is reporting,1,0,0,0,1,0,0,0
2026-01,Thailand,Tops Market (Central Food Retail),Betagro Egg No.0 Pack 10pcs.,insufficient information,FALSE,Has commitment and is reporting,0,0,0,0,0,0,0,1
2026-01,Thailand,Tops Market (Central Food Retail),Hilltribe Organic Eggs Large Size Pack 6pcs.,organic,FALSE,Has commitment and is reporting,1,0,0,0,1,0,0,0
2026-01,Thailand,Tops Market (Central Food Retail),Mori Tama Fresh Eggs No.2 pack 10pcs.,insufficient information,FALSE,Has commitment and is reporting,0,0,0,0,0,0,0,1
2026-01,Thailand,Tops Market (Central Food Retail),OVF Egg White 450ml.,insufficient information,FALSE,Has commitment and is reporting,0,0,0,0,0,0,0,1
2026-01,Thailand,Tops Market (Central Food Retail),Tops Egg No.2 Pack 12pcs.,insufficient information,FALSE,Has commitment and is reporting,0,0,0,0,0,0,0,1
2026-01,Thailand,Tops Market (Central Food Retail),My Choice Fresh Organic Eggs Pack 10pcs.,organic,FALSE,Has commitment and is reporting,1,0,0,0,1,0,0,0
2026-01,Thailand,Tops Market (Central Food Retail),Beindy Country Farms Pasture Raised Eggs Pack 10pcs.,free-range,FALSE,Has commitment and is reporting,1,0,0,1,0,0,0,0
2026-01,Thailand,Tops Market (Central Food Retail),Betagro Pullet Eggs Pack 10pcs.,insufficient information,FALSE,Has commitment and is reporting,0,0,0,0,0,0,0,1
2026-01,Thailand,Tops Market (Central Food Retail),Natural and Premium Organic Egg Pack 10pcs.(C,organic,FALSE,Has commitment and is reporting,1,0,0,0,1,0,0,0
2026-01,Thailand,Tops Market (Central Food Retail),Hilltribe Organic Eggs Jumbo Size Pack 10pcs.,organic,FALSE,Has commitment and is reporting,1,0,0,0,1,0,0,0
2026-01,Thailand,Tops Market (Central Food Retail),Organics and Co Free Range Eggs Pack 10pcs.,free-range,FALSE,Has commitment and is reporting,1,0,0,1,0,0,0,0
2026-01,Thailand,Tops Market (Central Food Retail),Betagro Egg No.2 Pack 10pcs.,insufficient information,FALSE,Has commitment and is reporting,0,0,0,0,0,0,0,1
2026-01,Thailand,Tops Market (Central Food Retail),Tops Fresh Duck Eggs No.3 Pack 6pcs.,insufficient information,FALSE,Has commitment and is reporting,0,0,0,0,0,0,0,1
2026-01,Thailand,Tops Market (Central Food Retail),Golden Lay Egg Folate Size L Pack 10pcs.,insufficient information,FALSE,Has commitment and is reporting,0,0,0,0,0,0,0,1
2026-01,Thailand,Tops Market (Central Food Retail),Akara Fresh Hen Egg No.0 Pack 10pcs.,insufficient information,FALSE,Has commitment and is reporting,0,0,0,0,0,0,0,1
2026-01,Thailand,Tops Market (Central Food Retail),Tops Fresh Quail Egg Pack 30pcs.,insufficient information,FALSE,Has commitment and is reporting,0,0,0,0,0,0,0,1
2026-01,Thailand,Tops Market (Central Food Retail),Chao Sua Preserved Egg Pack 4pcs.,insufficient information,FALSE,Has commitment and is reporting,0,0,0,0,0,0,0,1
2026-01,Thailand,Tops Market (Central Food Retail),Egg My God Egg Free Range Mixed 12pcs.(C,free-range,FALSE,Has commitment and is reporting,1,0,0,1,0,0,0,0
2026-01,Thailand,Tops Market (Central Food Retail),Golden Lay Cage Free Egg Size L Pack 10pcs.,cage-free not identified,FALSE,Has commitment and is reporting,1,0,0,0,0,1,0,0
2026-01,Thailand,Villa Market,Eggs Pack 10,insufficient information,FALSE,Has no commitment and is not reporting,0,0,0,0,0,0,0,1
2026-01,Thailand,Villa Market,Eggs Tama,insufficient information,FALSE,Has no commitment and is not reporting,0,0,0,0,0,0,0,1
2026-01,Thailand,Villa Market,Jumbo Eggs,insufficient information,FALSE,Has no commitment and is not reporting,0,0,0,0,0,0,0,1
2026-01,Thailand,Villa Market,Medium Eggs,insufficient information,FALSE,Has no commitment and is not reporting,0,0,0,0,0,0,0,1
2026-01,Thailand,Villa Market,Eggs,insufficient information,FALSE,Has no commitment and is not reporting,0,0,0,0,0,0,0,1
2026-01,Thailand,Villa Market,Eggs,insufficient information,FALSE,Has no commitment and is not reporting,0,0,0,0,0,0,0,1
2026-01,Thailand,Villa Market,Eggs No.0,insufficient information,FALSE,Has no commitment and is not reporting,0,0,0,0,0,0,0,1
2026-01,Thailand,Villa Market,Eggs No.1,insufficient information,FALSE,Has no commitment and is not reporting,0,0,0,0,0,0,0,1
2026-01,Thailand,Villa Market,Eggs No.2,insufficient information,FALSE,Has no commitment and is not reporting,0,0,0,0,0,0,0,1
2026-01,Thailand,Villa Market,Eggs No.3,insufficient information,FALSE,Has no commitment and is not reporting,0,0,0,0,0,0,0,1
2026-01,Thailand,Villa Market,Eggs No.3,insufficient information,FALSE,Has no commitment and is not reporting,0,0,0,0,0,0,0,1
2026-01,Thailand,Villa Market,First Born Eggs,insufficient information,FALSE,Has no commitment and is not reporting,0,0,0,0,0,0,0,1
2026-01,Thailand,Villa Market,Cage Free Eggs,cage-free not identified,FALSE,Has no commitment and is not reporting,1,0,0,0,0,1,0,0
2026-01,Thailand,Villa Market,Soft Boiled Eggs,insufficient information,FALSE,Has no commitment and is not reporting,0,0,0,0,0,0,0,1
2026-01,Thailand,Villa Market,Cage Free Eggs,cage-free not identified,FALSE,Has no commitment and is not reporting,1,0,0,0,0,1,0,0
2026-01,Thailand,Villa Market,Veggie Eggology Eggs,insufficient information,FALSE,Has no commitment and is not reporting,0,0,0,0,0,0,0,1
2026-01,Thailand,Villa Market,Organic Eggs,organic,FALSE,Has no commitment and is not reporting,1,0,0,0,1,0,0,0
2026-01,Thailand,Villa Market,Organic Eggs,organic,FALSE,Has no commitment and is not reporting,1,0,0,0,1,0,0,0
2026-01,Thailand,Villa Market,Eggs No 1,insufficient information,FALSE,Has no commitment and is not reporting,0,0,0,0,0,0,0,1
2026-01,Thailand,Villa Market,Eggs No 0,insufficient information,FALSE,Has no commitment and is not reporting,0,0,0,0,0,0,0,1
2026-01,Thailand,Villa Market,Jumbo Eggs No.0,insufficient information,FALSE,Has no commitment and is not reporting,0,0,0,0,0,0,0,1
2026-01,Thailand,Villa Market,Extra Large Eggs No.1,insufficient information,FALSE,Has no commitment and is not reporting,0,0,0,0,0,0,0,1
2026-01,Thailand,Villa Market,Super Jumbo Eggs,insufficient information,FALSE,Has no commitment and is not reporting,0,0,0,0,0,0,0,1
2026-01,Thailand,Villa Market,Organic Eggs,organic,FALSE,Has no commitment and is not reporting,1,0,0,0,1,0,0,0
2026-01,Thailand,Villa Market,Organic Eggs,organic,FALSE,Has no commitment and is not reporting,1,0,0,0,1,0,0,0
2026-01,Thailand,Villa Market,Onsen Eggs,insufficient information,FALSE,Has no commitment and is not reporting,0,0,0,0,0,0,0,1
2026-01,Thailand,Villa Market,Cage Free Eggs No 1,cage-free not identified,FALSE,Has no commitment and is not reporting,1,0,0,0,0,1,0,0
2026-01,Thailand,Villa Market,Yummy Eggs Mixed Size Pack 10,insufficient information,FALSE,Has no commitment and is not reporting,0,0,0,0,0,0,0,1
2026-01,Thailand,Villa Market,Rich Yolk Eggs Mixed Size Pack 10,insufficient information,FALSE,Has no commitment and is not reporting,0,0,0,0,0,0,0,1
2026-01,Thailand,Villa Market,Pasteurized Liquid Egg White,insufficient information,FALSE,Has no commitment and is not reporting,0,0,0,0,0,0,0,1
2026-01,Thailand,Villa Market,Omega 3 & Vitamin E Eggs Pack 10,insufficient information,FALSE,Has no commitment and is not reporting,0,0,0,0,0,0,0,1
2026-01,Thailand,Villa Market,Hygenic Eggs No.2,insufficient information,FALSE,Has no commitment and is not reporting,0,0,0,0,0,0,0,1
2026-01,Thailand,Villa Market,Egg No.0,insufficient information,FALSE,Has no commitment and is not reporting,0,0,0,0,0,0,0,1
2026-01,Thailand,Villa Market,Organic Free Range Chicken Eggs,free-range,FALSE,Has no commitment and is not reporting,1,0,0,1,0,0,0,0
2026-01,Thailand,Villa Market,Eggs No 1,insufficient information,FALSE,Has no commitment and is not reporting,0,0,0,0,0,0,0,1
2026-01,Thailand,Villa Market,Fresh Egg No 3,insufficient information,FALSE,Has no commitment and is not reporting,0,0,0,0,0,0,0,1
2026-01,Thailand,Villa Market,Fresh Duck Eggs,insufficient information,FALSE,Has no commitment and is not reporting,0,0,0,0,0,0,0,1
2026-01,Thailand,Villa Market,Fresh Chicken Egg No.2,insufficient information,FALSE,Has no commitment and is not reporting,0,0,0,0,0,0,0,1
2026-01,Thailand,Villa Market,Fresh Eggs No.1,insufficient information,FALSE,Has no commitment and is not reporting,0,0,0,0,0,0,0,1
2026-01,Thailand,Villa Market,Eggs Vita A Beauty Mix Size,insufficient information,FALSE,Has no commitment and is not reporting,0,0,0,0,0,0,0,1
2026-01,Thailand,Villa Market,Eggs Vita A Active Mix Size,insufficient information,FALSE,Has no commitment and is not reporting,0,0,0,0,0,0,0,1
2026-01,Thailand,Villa Market,Eggs Vita A Brain Mix Size,insufficient information,FALSE,Has no commitment and is not reporting,0,0,0,0,0,0,0,1
2026-01,Thailand,Villa Market,Benja Omega 3 Eggs Fresh,insufficient information,FALSE,Has no commitment and is not reporting,0,0,0,0,0,0,0,1
2026-01,Thailand,Villa Market,Organic Eggs,organic,FALSE,Has no commitment and is not reporting,1,0,0,0,1,0,0,0
2026-01,Thailand,Villa Market,Fresh Quail Egg (15eggs),insufficient information,FALSE,Has no commitment and is not reporting,0,0,0,0,0,0,0,1
2026-01,Thailand,Villa Market,Onsen Eggs Pack2,insufficient information,FALSE,Has no commitment and is not reporting,0,0,0,0,0,0,0,1
2026-01,Thailand,Villa Market,Ocha Eggs,insufficient information,FALSE,Has no commitment and is not reporting,0,0,0,0,0,0,0,1
2026-01,Thailand,Villa Market,Fresh Duck Eggs,insufficient information,FALSE,Has no commitment and is not reporting,0,0,0,0,0,0,0,1
2026-01,Thailand,Villa Market,Salted Eggs,insufficient information,FALSE,Has no commitment and is not reporting,0,0,0,0,0,0,0,1
2026-01,Thailand,Villa Market,Jumbo Eggs,insufficient information,FALSE,Has no commitment and is not reporting,0,0,0,0,0,0,0,1
2026-01,Turkey,Bizim Toptan,Besler Yumurta L Boy 15'li,insufficient information,FALSE,Has no commitment and is not reporting,0,0,0,0,0,0,0,1
2026-01,Turkey,Bizim Toptan,Pakköy Gezen Tavuk Yumurtası 15'li,free-range,FALSE,Has no commitment and is not reporting,1,0,0,1,0,0,0,0
2026-01,Turkey,Bizim Toptan,Besler Yumurta M Boy 30'lu,insufficient information,FALSE,Has no commitment and is not reporting,0,0,0,0,0,0,0,1
2026-01,Turkey,Bizim Toptan,Pakköy Organik Yumurta 10'lu,organic,FALSE,Has no commitment and is not reporting,1,0,0,0,1,0,0,0
2026-01,Turkey,Carrefour,Carrefour Yumurta 15'li L Boy,insufficient information,FALSE,Has no commitment and is not reporting,0,0,0,0,0,0,0,1
2026-01,Turkey,Carrefour,Carrefour Bio Organik Yumurta 10'lu,organic,FALSE,Has no commitment and is not reporting,1,0,0,0,1,0,0,0
2026-01,Turkey,Carrefour,Carrefour Yumurta 30'lu M Boy,insufficient information,FALSE,Has no commitment and is not reporting,0,0,0,0,0,0,0,1
2026-01,Turkey,Carrefour,Carrefour Kafessiz Yumurta 30'Lu M Boy,cage-free not identified,FALSE,Has no commitment and is not reporting,1,0,0,0,0,1,0,0
2026-01,Turkey,Carrefour,Carrefour Gezen Tavuk Yumurtası 10 Adet M Boy,free-range,FALSE,Has no commitment and is not reporting,1,0,0,1,0,0,0,0
2026-01,Turkey,Carrefour,City Farm Organik Yumurta 10'lu No:0,organic,FALSE,Has no commitment and is not reporting,1,0,0,0,1,0,0,0
2026-01,Turkey,Carrefour,Raya Organik Yumurta 8'li No:0,organic,FALSE,Has no commitment and is not reporting,1,0,0,0,1,0,0,0
2026-01,Turkey,Carrefour,Carrefour Bio Organik Yumurta 6'lı,organic,FALSE,Has no commitment and is not reporting,1,0,0,0,1,0,0,0
2026-01,Turkey,Carrefour,Raya Gezen Tavuk Yumurtası 10'lu M Boy 53-62 g No:1,free-range,FALSE,Has no commitment and is not reporting,1,0,0,1,0,0,0,0
2026-01,Turkey,Carrefour,Ali Babanin Bahçesinden Organik Yumurta 15'li 53-63 g No:0,organic,FALSE,Has no commitment and is not reporting,1,0,0,0,1,0,0,0
2026-01,Turkey,Carrefour,Kumbasar Jumbo 10'lu Yumurta 73 g Üstü No:3,insufficient information,FALSE,Has no commitment and is not reporting,0,0,0,0,0,0,0,1
2026-01,Turkey,Carrefour,Kumbasar 6'lı Yumurta 53-62 g No:3,insufficient information,FALSE,Has no commitment and is not reporting,0,0,0,0,0,0,0,1
2026-01,Turkey,Carrefour,Kumbasar Yumurta 30'lu 63-72 g No:3,insufficient information,FALSE,Has no commitment and is not reporting,0,0,0,0,0,0,0,1
2026-01,Turkey,Carrefour,Flotty Sports Organik Yumurta 10’Lu 53-63 No:0,organic,FALSE,Has no commitment and is not reporting,1,0,0,0,1,0,0,0
2026-01,Turkey,Carrefour,Kumbasar Kahverengi Yumurta 53-62 g 10'lu No:3,insufficient information,FALSE,Has no commitment and is not reporting,0,0,0,0,0,0,0,1
2026-01,Turkey,Carrefour,Kumbasar 30'lu Yumurta 53-62 g No:3,cage,FALSE,Has no commitment and is not reporting,0,0,0,0,0,0,1,0
2026-01,Turkey,Carrefour,Doğalım Yumurta 15'li 53-62 g No:3,cage,FALSE,Has no commitment and is not reporting,0,0,0,0,0,0,1,0
2026-01,Turkey,Carrefour,Flotty Organik Yumurta M Boy 10'lu No:0,organic,FALSE,Has no commitment and is not reporting,1,0,0,0,1,0,0,0
2026-01,Turkey,Carrefour,Flotty Baby Organik Yumurta 10’Lu 53-62 No:0,organic,FALSE,Has no commitment and is not reporting,1,0,0,0,1,0,0,0
2026-01,Turkey,Carrefour,Kumbasar Yumurta 15'li 63-72 g No:3,insufficient information,FALSE,Has no commitment and is not reporting,0,0,0,0,0,0,0,1
2026-01,Turkey,Onur,"Keskinoğlu Yumurta 20'li (L) 63-73 gr₺150,00",insufficient information,FALSE,Has no commitment and is not reporting,0,0,0,0,0,0,0,1
2026-01,Turkey,Onur,"Taze Pazar Organik Yumurta 10'lu₺120,00",organic,FALSE,Has no commitment and is not reporting,1,0,0,0,1,0,0,0
2026-01,Turkey,Onur,"Taze Pazar Günlük Tavuk Yumurtası 15'li₺135,00",insufficient information,FALSE,Has no commitment and is not reporting,0,0,0,0,0,0,0,1
2026-01,Turkey,Onur,"Keskinoğlu Yumurta 15'li 53-63 gr₺125,00",insufficient information,FALSE,Has no commitment and is not reporting,0,0,0,0,0,0,0,1
2026-01,Turkey,Onur,"Dimetta Organik Yumurta 10'Lu₺115,00",organic,FALSE,Has no commitment and is not reporting,1,0,0,0,1,0,0,0
2026-01,Turkey,Onur,"Coşkun Yumurta Organik 10'Lu 53-62 gr₺125,00",organic,FALSE,Has no commitment and is not reporting,1,0,0,0,1,0,0,0
2026-01,Turkey,Onur,"Coşkun Yumurta Kahverengi 53-62 gr 15'li₺155,00",insufficient information,FALSE,Has no commitment and is not reporting,0,0,0,0,0,0,0,1
2026-01,Turkey,Onur,"Coşkun Yumurta 10'Lu 53-62 gr₺95,00",insufficient information,FALSE,Has no commitment and is not reporting,0,0,0,0,0,0,0,1
2026-01,Turkey,Onur,"Sade Organik Yumurta 10'lu M₺120,00",organic,FALSE,Has no commitment and is not reporting,1,0,0,0,1,0,0,0
2026-01,Turkey,Onur,"Sade Gezen Yumurta 15'li₺140,00",free-range,FALSE,Has no commitment and is not reporting,1,0,0,1,0,0,0,0
2026-01,Turkey,Onur,"Coşkun Yumurta 30'lu 53-63 gr₺169,00",insufficient information,FALSE,Has no commitment and is not reporting,0,0,0,0,0,0,0,1
2026-01,Turkey,Onur,"Coşkun Yumurta 10'Lu Jumbo₺95,00",insufficient information,FALSE,Has no commitment and is not reporting,0,0,0,0,0,0,0,1
2026-01,Turkey,Onur,"Onur Bereket Yumurta 30'lu 53-63 gr₺169,00",insufficient information,FALSE,Has no commitment and is not reporting,0,0,0,0,0,0,0,1
2026-01,United States,7-Eleven,7-Select Cage Free Eggs Brown 12ct,cage-free not identified,FALSE,Has commitment but is not reporting,1,0,0,0,0,1,0,0
2026-01,United States,7-Eleven,7-Select Cage Free Eggs White 12ct,cage-free not identified,FALSE,Has commitment but is not reporting,1,0,0,0,0,1,0,0
2026-01,United States,ALDI,"Cage Free Large Eggs - Grade A, 1 dozen",cage-free not identified,FALSE,Has commitment but is not reporting,1,0,0,0,0,1,0,0
2026-01,United States,ALDI,"Free Range Large Brown Grade A Eggs, 12 count",free-range,FALSE,Has commitment but is not reporting,1,0,0,1,0,0,0,0
2026-01,United States,ALDI,"Grade A Large White Eggs, 1 dozen",insufficient information,FALSE,Has commitment but is not reporting,0,0,0,0,0,0,0,1
2026-01,United States,ALDI,"Organic Cage Free Brown Eggs, 1 dozen",organic,FALSE,Has commitment but is not reporting,1,0,0,0,1,0,0,0
2026-01,United States,ALDI,"Liquid Egg Whites, 32 oz",insufficient information,FALSE,Has commitment but is not reporting,0,0,0,0,0,0,0,1
2026-01,United States,ALDI,"Pasture Raised Large Brown Eggs Grade A, 12 count",free-range,FALSE,Has commitment but is not reporting,1,0,0,1,0,0,0,0
2026-01,United States,Kroger,Kroger® Grade A Large White Eggs,insufficient information,FALSE,Has commitment and is reporting,0,0,0,0,0,0,0,1
2026-01,United States,Kroger,Kroger® Grade A Large Eggs,insufficient information,FALSE,Has commitment and is reporting,0,0,0,0,0,0,0,1
2026-01,United States,Kroger,Pete & Gerry's Organic Free Range Large Eggs,free-range,FALSE,Has commitment and is reporting,1,0,0,1,0,0,0,0
2026-01,United States,Kroger,Simple Truth™ Natural Cage Free Grade A Large Brown Eggs,cage-free not identified,FALSE,Has commitment and is reporting,1,0,0,0,0,1,0,0
2026-01,United States,Kroger,Happy Egg Co.® Free Range Brown Eggs,free-range,FALSE,Has commitment and is reporting,1,0,0,1,0,0,0,0
2026-01,United States,Kroger,Happy Egg Co.® Organic Free Range Grade A Large Brown Eggs,free-range,FALSE,Has commitment and is reporting,1,0,0,1,0,0,0,0
2026-01,United States,Kroger,Happy Egg Co.® Organic Free Range Large Brown Eggs,free-range,FALSE,Has commitment and is reporting,1,0,0,1,0,0,0,0
2026-01,United States,Kroger,Kroger® Extra Large White Eggs,insufficient information,FALSE,Has commitment and is reporting,0,0,0,0,0,0,0,1
2026-01,United States,Kroger,Simple Truth™ Natural Cage Free Grade A Large Brown Eggs,cage-free not identified,FALSE,Has commitment and is reporting,1,0,0,0,0,1,0,0
2026-01,United States,Kroger,Vital Farms® Pasture-Raised Large Brown Eggs,free-range,FALSE,Has commitment and is reporting,1,0,0,1,0,0,0,0
2026-01,United States,Kroger,Happy Egg Co. Free Range Large Brown Eggs,free-range,FALSE,Has commitment and is reporting,1,0,0,1,0,0,0,0
2026-01,United States,Kroger,Kroger® Grade A Jumbo White Eggs,insufficient information,FALSE,Has commitment and is reporting,0,0,0,0,0,0,0,1
2026-01,United States,Kroger,"Eggland's Best Classic Large White Eggs, 12 count",insufficient information,FALSE,Has commitment and is reporting,0,0,0,0,0,0,0,1
2026-01,United States,Kroger,Vital Farms® Pasture-Raised Large Brown Eggs,free-range,FALSE,Has commitment and is reporting,1,0,0,1,0,0,0,0
2026-01,United States,Kroger,Kroger® Large White Eggs,insufficient information,FALSE,Has commitment and is reporting,0,0,0,0,0,0,0,1
2026-01,United States,Kroger,Kroger® Large White Eggs,insufficient information,FALSE,Has commitment and is reporting,0,0,0,0,0,0,0,1
2026-01,United States,Kroger,Vital Farms® Pasture-Raised Large Brown Grade-A Organic Eggs,free-range,FALSE,Has commitment and is reporting,1,0,0,1,0,0,0,0
2026-01,United States,Kroger,"Eggland's Best Classic Large White Eggs, 18 count",cage,FALSE,Has commitment and is reporting,0,0,0,0,0,0,1,0
2026-01,United States,Kroger,"Eggland's Best Classic Extra Large White Eggs, 12 count",insufficient information,FALSE,Has commitment and is reporting,0,0,0,0,0,0,0,1
2026-01,United States,Kroger,Simple Truth Organic™ Cage Free Grade A Large Brown Eggs,organic,FALSE,Has commitment and is reporting,1,0,0,0,1,0,0,0
2026-01,United States,Kroger,"Eggland's Best Cage Free Large Brown Eggs, 12 count",cage-free not identified,FALSE,Has commitment and is reporting,1,0,0,0,0,1,0,0
2026-01,United States,Kroger,"Eggland's Best 100% USDA Organic Certified Large Brown Eggs, 12 count",organic,FALSE,Has commitment and is reporting,1,0,0,0,1,0,0,0
2026-01,United States,Kroger,Vital Farms® Pasture-Raised XL Eggs,free-range,FALSE,Has commitment and is reporting,1,0,0,1,0,0,0,0
2026-01,United States,Kroger,Nellie's Free Range Eggs Large,free-range,FALSE,Has commitment and is reporting,1,0,0,1,0,0,0,0
2026-01,United States,Kroger,Simple Truth Organic™ Cage Free Grade A Large Brown Eggs,organic,FALSE,Has commitment and is reporting,1,0,0,0,1,0,0,0
2026-01,United States,Kroger,Kroger® Medium Grade A White Eggs,insufficient information,FALSE,Has commitment and is reporting,0,0,0,0,0,0,0,1
2026-01,United States,Kroger,Simple Truth™ Natural Cage Free Grade A Medium Brown Eggs,cage-free not identified,FALSE,Has commitment and is reporting,1,0,0,0,0,1,0,0
2026-01,United States,Kroger,Kroger® Hard Cooked Peeled Eggs,insufficient information,FALSE,Has commitment and is reporting,0,0,0,0,0,0,0,1
2026-01,United States,Kroger,Happy Egg Co.® Organic Free Range Grade A Large Brown Eggs,free-range,FALSE,Has commitment and is reporting,1,0,0,1,0,0,0,0
2026-01,United States,Kroger,Vital Farms® Pasture-Raised Organic Large Eggs,free-range,FALSE,Has commitment and is reporting,1,0,0,1,0,0,0,0
2026-01,United States,Kroger,Pete & Gerry's Organic Free Range Large Eggs,free-range,FALSE,Has commitment and is reporting,1,0,0,1,0,0,0,0
2026-01,United States,Kroger,Happy Egg Co.® Organic Free Range Large Brown Eggs,free-range,FALSE,Has commitment and is reporting,1,0,0,1,0,0,0,0
2026-01,United States,Kroger,Happy Egg Co.® Free Range Brown Eggs,free-range,FALSE,Has commitment and is reporting,1,0,0,1,0,0,0,0
2026-01,United States,Kroger,Simple Truth Organic™ Cage Free 100% Liquid Egg Whites,organic,FALSE,Has commitment and is reporting,1,0,0,0,1,0,0,0
2026-01,United States,Kroger,"Eggland's Best Classic Large White Eggs, 24 count",free-range,FALSE,Has commitment and is reporting,1,0,0,1,0,0,0,0
2026-01,United States,Kroger,Bob Evans 100% Liquid Egg Whites,insufficient information,FALSE,Has commitment and is reporting,0,0,0,0,0,0,0,1
2026-01,United States,Kroger,Happy Egg Co. Free Range Large Brown Eggs,free-range,FALSE,Has commitment and is reporting,1,0,0,1,0,0,0,0
2026-01,United States,Kroger,Kroger® Cage-Free Liquid Egg Whites,cage-free not identified,FALSE,Has commitment and is reporting,1,0,0,0,0,1,0,0
2026-01,United States,Kroger,Kroger® Medium Grade A White Eggs,insufficient information,FALSE,Has commitment and is reporting,0,0,0,0,0,0,0,1
2026-01,United States,Kroger,Simple Truth® Kipster Cage Free Large White Eggs,cage-free not identified,FALSE,Has commitment and is reporting,1,0,0,0,0,1,0,0
2026-01,United States,Kroger,Just Egg® Plant Based Eggs,insufficient information,FALSE,Has commitment and is reporting,0,0,0,0,0,0,0,1
2026-01,United States,Kroger,Deli Kitchen Peeled Hard-Cooked Eggs 6ct,insufficient information,FALSE,Has commitment and is reporting,0,0,0,0,0,0,0,1
2026-01,United States,Kroger,Deli Kitchen Peeled Hard-Cooked Eggs 2ct,insufficient information,FALSE,Has commitment and is reporting,0,0,0,0,0,0,0,1
2026-01,United States,Kroger,Three Bridges™ Turkey Sausage & Swiss Egg White Bites,insufficient information,FALSE,Has commitment and is reporting,0,0,0,0,0,0,0,1
2026-01,United States,Kroger,Fresh Cut Hard Boiled Eggs,insufficient information,FALSE,Has commitment and is reporting,0,0,0,0,0,0,0,1
2026-01,United States,Kroger,Big John's Pickled Eggs,insufficient information,FALSE,Has commitment and is reporting,0,0,0,0,0,0,0,1
2026-01,United States,Publix,"Publix Eggs, Large",insufficient information,FALSE,Has commitment and is reporting,0,0,0,0,0,0,0,1
2026-01,United States,Publix,"Publix Eggs, Large",insufficient information,FALSE,Has commitment and is reporting,0,0,0,0,0,0,0,1
2026-01,United States,Publix,"Eggland's Best Classic Large White Eggs, 12 count",insufficient information,FALSE,Has commitment and is reporting,0,0,0,0,0,0,0,1
2026-01,United States,Publix,Vital Farms Pasture Raised Large Grade A Eggs,free-range,FALSE,Has commitment and is reporting,1,0,0,1,0,0,0,0
2026-01,United States,Publix,"Publix Eggs, Large",insufficient information,FALSE,Has commitment and is reporting,0,0,0,0,0,0,0,1
2026-01,United States,Publix,"Publix Eggs, Extra Large",insufficient information,FALSE,Has commitment and is reporting,0,0,0,0,0,0,0,1
2026-01,United States,Publix,Just Egg Plant-based egg,insufficient information,FALSE,Has commitment and is reporting,0,0,0,0,0,0,0,1
2026-01,United States,Publix,"Publix Eggs, Large",insufficient information,FALSE,Has commitment and is reporting,0,0,0,0,0,0,0,1
2026-01,United States,Publix,"Nellie's Eggs, Brown, Large, Free Range",free-range,FALSE,Has commitment and is reporting,1,0,0,1,0,0,0,0
2026-01,United States,Publix,"Pete & Gerry's Eggs, Organic, Brown, Free Range, Large",free-range,FALSE,Has commitment and is reporting,1,0,0,1,0,0,0,0
2026-01,United States,Publix,Just Crack An Egg Classic Breakfast Scramble Kit,insufficient information,FALSE,Has commitment and is reporting,0,0,0,0,0,0,0,1
2026-01,United States,Publix,Bob Evans 100% Liquid Egg Whites,insufficient information,FALSE,Has commitment and is reporting,0,0,0,0,0,0,0,1
2026-01,United States,Publix,"Eggland's Best Hard Cooked Eggs, Medium White, 6 count",insufficient information,FALSE,Has commitment and is reporting,0,0,0,0,0,0,0,1
2026-01,United States,Publix,"Publix Eggs, Jumbo",insufficient information,FALSE,Has commitment and is reporting,0,0,0,0,0,0,0,1
2026-01,United States,Publix,Vital Farms Organic Pasture-Raised Large Eggs,free-range,FALSE,Has commitment and is reporting,1,0,0,1,0,0,0,0
2026-01,United States,Publix,"Happy Egg Co. Eggs, Free Range, Large, Organic",free-range,FALSE,Has commitment and is reporting,1,0,0,1,0,0,0,0
2026-01,United States,Publix,Just Crack An Egg Meat Lovers Scramble Kit,insufficient information,FALSE,Has commitment and is reporting,0,0,0,0,0,0,0,1
2026-01,United States,Publix,Vital Farms 18 ct Pasture Raised Large Grade A Eggs,free-range,FALSE,Has commitment and is reporting,1,0,0,1,0,0,0,0
2026-01,United States,Publix,"Eggland's Best Cage Free Large Brown Eggs, 18 count",cage-free not identified,FALSE,Has commitment and is reporting,1,0,0,0,0,1,0,0
2026-01,United States,Publix,"Eggland's Best Classic Extra Large White Eggs, 18 count",insufficient information,FALSE,Has commitment and is reporting,0,0,0,0,0,0,0,1
2026-01,United States,Publix,"GreenWise Egg Whites, Organic, Liquid",organic,FALSE,Has commitment and is reporting,1,0,0,0,1,0,0,0
2026-01,United States,Publix,"Egg Beaters Liquid Egg Substitute, Original",insufficient information,FALSE,Has commitment and is reporting,0,0,0,0,0,0,0,1
2026-01,United States,Publix,"GreenWise Eggs, Organic, Cage-Free, Brown, Large",organic,FALSE,Has commitment and is reporting,1,0,0,0,1,0,0,0
2026-01,United States,Publix,"Eggland's Best Cage Free Large Brown Eggs, 12 count",cage-free not identified,FALSE,Has commitment and is reporting,1,0,0,0,0,1,0,0
2026-01,United States,Publix,Publix Egg Stirs,insufficient information,FALSE,Has commitment and is reporting,0,0,0,0,0,0,0,1
2026-01,United States,Publix,"GreenWise Brown Eggs, Organic, Cage-Free, Large",organic,FALSE,Has commitment and is reporting,1,0,0,0,1,0,0,0
2026-01,United States,Publix,"Egg Beaters Egg Whites, 100% Real",insufficient information,FALSE,Has commitment and is reporting,0,0,0,0,0,0,0,1
2026-01,United States,Publix,"Happy Egg Co. Eggs, Heritage, Blue & Brown, Large",free-range,FALSE,Has commitment and is reporting,1,0,0,1,0,0,0,0
2026-01,United States,Publix,"Eggland's Best 100% USDA Organic Certified Large Brown Eggs, 12 count",organic,FALSE,Has commitment and is reporting,1,0,0,0,1,0,0,0
2026-01,United States,Publix,"NestFresh Eggs, Non-GMO, Brown, Grade A, Free Range, Large",free-range,FALSE,Has commitment and is reporting,1,0,0,1,0,0,0,0
2026-01,United States,Publix,4 Grain Cage Free Cage Free Large Brown Eggs,cage-free not identified,FALSE,Has commitment and is reporting,1,0,0,0,0,1,0,0
2026-01,United States,Publix,"Eggland's Best Classic Large White Eggs, 18 count",insufficient information,FALSE,Has commitment and is reporting,0,0,0,0,0,0,0,1
2026-01,United States,Publix,"Eggland's Best Cage Free Hard Cooked Eggs, 6 count",cage-free not identified,FALSE,Has commitment and is reporting,1,0,0,0,0,1,0,0
2026-01,United States,Publix,"Publix Eggs, Extra Large",insufficient information,FALSE,Has commitment and is reporting,0,0,0,0,0,0,0,1
2026-01,United States,Publix,"Eggland's Best Liquid Egg Whites, 32 ounce",insufficient information,FALSE,Has commitment and is reporting,0,0,0,0,0,0,0,1
2026-01,United States,Publix,"Happy Egg Co. Eggs, Free Range, Large",free-range,FALSE,Has commitment and is reporting,1,0,0,1,0,0,0,0
2026-01,United States,Publix,"Bob Evans Egg Whites, 100% Liquid",insufficient information,FALSE,Has commitment and is reporting,0,0,0,0,0,0,0,1
2026-01,United States,Publix,"GreenWise Brown Eggs, Organic, Large",organic,FALSE,Has commitment and is reporting,1,0,0,0,1,0,0,0
2026-01,United States,Publix,QQE Quail Eggs,insufficient information,FALSE,Has commitment and is reporting,0,0,0,0,0,0,0,1
2026-01,United States,Publix,"GreenWise Eggs, Organic, Cage-Free, Brown, Extra Large",organic,FALSE,Has commitment and is reporting,1,0,0,0,1,0,0,0
2026-01,United States,Publix,Jimmy Dean Simple Scrambles Meat Lovers,insufficient information,FALSE,Has commitment and is reporting,0,0,0,0,0,0,0,1
2026-01,United States,Publix,"Eggland's Best Classic Extra Large White Eggs, 12 count",insufficient information,FALSE,Has commitment and is reporting,0,0,0,0,0,0,0,1
2026-01,United States,Publix,"Fresh From Florida Eggs, Cage Free, Brown, Large",cage-free not identified,FALSE,Has commitment and is reporting,1,0,0,0,0,1,0,0
2026-01,United States,Publix,"Publix Eggs, Cage Free, Large",cage-free not identified,FALSE,Has commitment and is reporting,1,0,0,0,0,1,0,0
2026-01,United States,Publix,Publix Eggstirs,insufficient information,FALSE,Has commitment and is reporting,0,0,0,0,0,0,0,1
2026-01,United States,Publix,"Publix Eggs, Medium",insufficient information,FALSE,Has commitment and is reporting,0,0,0,0,0,0,0,1
2026-01,United States,Publix,"Nellie's Eggs, Free Range, Grade A, Brown, Extra Large",free-range,FALSE,Has commitment and is reporting,1,0,0,1,0,0,0,0
2026-01,United States,Target,Eggland's Best Organic Grade A Large Brown Eggs - 12ct,organic,FALSE,Has commitment and is reporting,1,0,0,0,1,0,0,0
2026-01,United States,Target,Cuisine Solutions Signature Sous Vide Whole Egg and Uncured Bacon Egg Bites - 8.4oz/2ct,insufficient information,FALSE,Has commitment and is reporting,0,0,0,0,0,0,0,1
2026-01,United States,Target,Eggland's Best Cage Free White Grade A Large Eggs,cage-free not identified,FALSE,Has commitment and is reporting,1,0,0,0,0,1,0,0
2026-01,United States,Target,Veggies Made Great Broccoli Cheddar Quick Bites - 9oz/4ct,insufficient information,FALSE,Has commitment and is reporting,0,0,0,0,0,0,0,1
2026-01,United States,Target,Veggies Made Great Superfood Quick Bites - 9oz/4ct,insufficient information,FALSE,Has commitment and is reporting,0,0,0,0,0,0,0,1
2026-01,United States,Target,Veggies Made Great Quinoa and Greens Quick Bites - 9oz/4ct,insufficient information,FALSE,Has commitment and is reporting,0,0,0,0,0,0,0,1
2026-01,United States,Walgreens,"Nice! Grade A Cage Free Eggs Large, Brown - 12 ea
Nice!
(15)
$3.99",cage-free not identified,FALSE,Has commitment and is reporting,1,0,0,0,0,1,0,0
2026-01,United States,Walgreens,"Nice! For You Grade A Cage Free Eggs Large, Brown - 12 ea
Nice! For You
(31)
$4.99",cage-free not identified,FALSE,Has commitment and is reporting,1,0,0,0,0,1,0,0
2026-01,United States,Walgreens,"Nice! Large Grade A Cage Free Eggs  - 12 ea
Nice!
(11)
$5.99",cage-free not identified,FALSE,Has commitment and is reporting,1,0,0,0,0,1,0,0
2026-01,United States,Walmart,"Great Value Cage-Free White Eggs, Large, 18 Count",cage-free not identified,FALSE,Has commitment and is reporting,1,0,0,0,0,1,0,0
2026-01,United States,Walmart,"Great Value Cage Free Large White Eggs, 12 Count",cage-free not identified,FALSE,Has commitment and is reporting,1,0,0,0,0,1,0,0
2026-01,United States,Walmart,"Great Value Cage-Free Grade AA Large White Eggs, 36 Count",cage-free not identified,FALSE,Has commitment and is reporting,1,0,0,0,0,1,0,0
2026-01,United States,Walmart,"Great Value Cage Free Large White Eggs, 60 Count",cage-free not identified,FALSE,Has commitment and is reporting,1,0,0,0,0,1,0,0
2026-01,United States,Walmart,"Great Value Cage-Free Grade AA Extra Large White Eggs, 18 Count",cage-free not identified,FALSE,Has commitment and is reporting,1,0,0,0,0,1,0,0
2026-01,United States,Walmart,"Marketside Cage-Free Large Brown Eggs, 18 Count",cage-free not identified,FALSE,Has commitment and is reporting,1,0,0,0,0,1,0,0
2026-01,United States,Walmart,"Great Value Cage-Free Grade AA Extra Large White Eggs, 12 Count",cage-free not identified,FALSE,Has commitment and is reporting,1,0,0,0,0,1,0,0
2026-01,United States,Walmart,"Vital Farms Pasture Raised Grade A Brown Eggs, Large, 12 Ct",free-range,FALSE,Has commitment and is reporting,1,0,0,1,0,0,0,0
2026-01,United States,Walmart,"Happy Egg Co Organic Free-Range Large Brown Eggs, 18 Count",free-range,FALSE,Has commitment and is reporting,1,0,0,1,0,0,0,0
2026-01,United States,Walmart,"Happy Egg Co. Organic Free-Range Large Brown Eggs, 12 Count (Dozen)",free-range,FALSE,Has commitment and is reporting,1,0,0,1,0,0,0,0
2026-01,United States,Walmart,"Great Value Cage-Free White Jumbo Eggs, 12 Count",cage-free not identified,FALSE,Has commitment and is reporting,1,0,0,0,0,1,0,0
2026-01,United States,Walmart,"Great Value Cage-Free Grade AA Large White Eggs, 6 Count",cage-free not identified,FALSE,Has commitment and is reporting,1,0,0,0,0,1,0,0
2026-01,United States,Walmart,"Eggland's Best Cage Free Large White Eggs, 18 Count",cage-free not identified,FALSE,Has commitment and is reporting,1,0,0,0,0,1,0,0
2026-01,United States,Walmart,"Eggland's Best Cage Free Large White Eggs, 12 Count",cage-free not identified,FALSE,Has commitment and is reporting,1,0,0,0,0,1,0,0
2026-01,United States,Walmart,"Eggland's Best Cage Free Extra Large White Eggs, 18 Count",cage-free not identified,FALSE,Has commitment and is reporting,1,0,0,0,0,1,0,0
2026-01,United States,Walmart,"Marketside Organic Cage-Free Brown Large Eggs, 18 Count",organic,FALSE,Has commitment and is reporting,1,0,0,0,1,0,0,0
2026-01,United States,Walmart,"Eggland's Best Cage Free Large Brown Eggs, 12 Count",cage-free not identified,FALSE,Has commitment and is reporting,1,0,0,0,0,1,0,0
2026-01,United States,Walmart,"Marketside Grade A Large Pasture Raised Brown Eggs, 12 Count",free-range,FALSE,Has commitment and is reporting,1,0,0,1,0,0,0,0
2026-01,United States,Walmart,"Great Value Cage-Free Hard Boiled Eggs, 9.31 oz, 6 Count",cage-free not identified,FALSE,Has commitment and is reporting,1,0,0,0,0,1,0,0
2026-01,United States,Walmart,"Great Day Farms Hard-Boiled Cage Free Eggs, 6 Eggs",cage-free not identified,FALSE,Has commitment and is reporting,1,0,0,0,0,1,0,0
2026-01,United States,Walmart,"Marketside Organic Cage-Free Large Brown Eggs, 12 Count",organic,FALSE,Has commitment and is reporting,1,0,0,0,1,0,0,0
2026-01,United States,Walmart,"Eggland's Best 100% USDA Organic Certified Large Brown Eggs, 12 Count",organic,FALSE,Has commitment and is reporting,1,0,0,0,1,0,0,0
2026-01,United States,Walmart,"Great Day Farms Hard-Boiled Cage Free Eggs, 2 Eggs",cage-free not identified,FALSE,Has commitment and is reporting,1,0,0,0,0,1,0,0
2026-01,United States,Walmart,7 Farms Cajun Pickled Quail Eggs,insufficient information,FALSE,Has commitment and is reporting,0,0,0,0,0,0,0,1
2026-01,United States,Walmart,Bay View Brand Pickled Eggs 64 Ounce Plastic Jars Original Flavor Bar Tavern Food (2 Pack),insufficient information,FALSE,Has commitment and is reporting,0,0,0,0,0,0,0,1
2026-01,United States,Walmart,"Big John's Ready to Eat Pickled Eggs 40oz Jar, Contains Eggs",insufficient information,FALSE,Has commitment and is reporting,0,0,0,0,0,0,0,1
2026-01,United States,Walmart,Mad River Anise Scented Eggs,insufficient information,FALSE,Has commitment and is reporting,0,0,0,0,0,0,0,1
2026-01,United States,Walmart,Mad River Anise Scented Eggs,insufficient information,FALSE,Has commitment and is reporting,0,0,0,0,0,0,0,1
2026-01,United States,Walmart,"Papettis Peeled Hard Cooked Eggs, 10 Pound -- 1 each.",insufficient information,FALSE,Has commitment and is reporting,0,0,0,0,0,0,0,1
2026-01,United States,Walmart,"Amish Wedding Natural Pickled Mustard Eggs, 32 oz jar",insufficient information,FALSE,Has commitment and is reporting,0,0,0,0,0,0,0,1
2026-01,United States,Walmart,Walnut Creek Foods Ready to Eat USA Made Amish Hot Eggs 32 Oz,insufficient information,FALSE,Has commitment and is reporting,0,0,0,0,0,0,0,1
2026-01,United States,Walmart,"Michael Foods Papettis Whole Egg, 5 Pound - 6 per Case.",insufficient information,FALSE,Has commitment and is reporting,0,0,0,0,0,0,0,1
2026-01,United States,Walmart,"Sunny Fresh Cage Free Selections Whole Eggs with Citric Acid, 2 Pound -- 12 per case.",cage-free not identified,FALSE,Has commitment and is reporting,1,0,0,0,0,1,0,0
2026-01,United States,Walmart,"Michael Foods Papettis Natural Diced Egg, 5 Pound 4 bags per case.",insufficient information,FALSE,Has commitment and is reporting,0,0,0,0,0,0,0,1
2026-01,United States,Walmart,"Michael Foods Papettis Whole Egg, 5 Pound - 6 per case.",insufficient information,FALSE,Has commitment and is reporting,0,0,0,0,0,0,0,1
2026-01,United States,Walmart,"Naughty Chile Taqueria Fluffy Eggs with Cheddar and Green Chile, 5 Pound -- 4 per case",insufficient information,FALSE,Has commitment and is reporting,0,0,0,0,0,0,0,1
2026-01,United States,Walmart,"Michael Foods WaldBaum Egg White, 5 Pound 6 per case.",insufficient information,FALSE,Has commitment and is reporting,0,0,0,0,0,0,0,1
2026-01,United States,Walmart,"Michael Foods Papettis Easy Eggs Liquid Whole Egg, 2 Pound -- 15 per case.",insufficient information,FALSE,Has commitment and is reporting,0,0,0,0,0,0,0,1
2026-01,United States,Walmart,"Chaokoh Quail Eggs in Brine, 11 oz",insufficient information,FALSE,Has commitment and is reporting,0,0,0,0,0,0,0,1
2026-01,United States,Walmart,"Bay View Pickled Eggs, No Artificial Ingredients, Gluten Free, 0g Sugar, 6g Protein, Fresh Grade A Eggs, Boiled and Peeled (16oz, Salt 'N Vinegar)",insufficient information,FALSE,Has commitment and is reporting,0,0,0,0,0,0,0,1
2026-01,United States,Walmart,"Michael Foods Papettis Natural Diced Egg, 5 Pound 4 bags per case.",insufficient information,FALSE,Has commitment and is reporting,0,0,0,0,0,0,0,1
2026-01,United States,Walmart,"Michael Foods Papettis Easy Eggs Liquid Whole Egg, 2 Pound -- 15 per case.",insufficient information,FALSE,Has commitment and is reporting,0,0,0,0,0,0,0,1
2026-01,United States,Walmart,Cargill Value Mix Scrambled Liquid Egg 5lbs (PACK OF 6),insufficient information,FALSE,Has commitment and is reporting,0,0,0,0,0,0,0,1
2026-01,United States,Walmart,"Great Value Large White Eggs, 18 Count",insufficient information,FALSE,Has commitment and is reporting,0,0,0,0,0,0,0,1
2026-01,United States,Walmart,"Great Value Cage-Free Extra Large White Eggs, 18 Count",cage-free not identified,FALSE,Has commitment and is reporting,1,0,0,0,0,1,0,0
2026-01,United States,Walmart,"Great Value Cage Free Extra Large White Eggs, 12 Count",cage-free not identified,FALSE,Has commitment and is reporting,1,0,0,0,0,1,0,0
2026-01,United States,Walmart,"Great Value Extra Grade AA Large Eggs, 12 Count",insufficient information,FALSE,Has commitment and is reporting,0,0,0,0,0,0,0,1
2026-01,United States,Walmart,"Great Value Jumbo White Eggs, 12 Count",insufficient information,FALSE,Has commitment and is reporting,0,0,0,0,0,0,0,1
2026-01,United States,Walmart,"Great Day Farms Hard-Boiled Eggs, 9 oz, 6 Count",insufficient information,FALSE,Has commitment and is reporting,0,0,0,0,0,0,0,1
2026-01,United States,Walmart,"Great Value Large Grade A Eggs, 36 Count",insufficient information,FALSE,Has commitment and is reporting,0,0,0,0,0,0,0,1
2026-01,United States,Walmart,"Great Day Farms Hard-Boiled Eggs, 2 Eggs",insufficient information,FALSE,Has commitment and is reporting,0,0,0,0,0,0,0,1
2026-01,United States,Walmart,"Great Value Large White Eggs, 30 Count",insufficient information,FALSE,Has commitment and is reporting,0,0,0,0,0,0,0,1
2026-01,United States,Walmart,"(3 pack) Knotts Foods Brand Pickled Eggs, Refrigerated, Plastic Container",insufficient information,FALSE,Has commitment and is reporting,0,0,0,0,0,0,0,1
2026-01,United States,Walmart,"Egg Beaters, Original Real Egg, 32 Oz",insufficient information,FALSE,Has commitment and is reporting,0,0,0,0,0,0,0,1
2026-01,United States,Walmart,Happy Egg Organic 12ct,organic,FALSE,Has commitment and is reporting,1,0,0,0,1,0,0,0
